2632 4784
440 111 482 158 ns
497 110 714 165 arnolsinus,
729 115 830 159 einen
849 109 898 160 ml.
1162 110 1209 165 sib

114 182 216 239 tetuli·
225 188 368 241 matis.
381 192 428 241 llis
438 194 477 242 est
486 192 532 255 nal
541 193 651 255 emaque
674 193 769 254 letter,
777 208 853 256 quem
866 196 939 245 Pales
947 193 1030 258 duint
1040 209 1047 244 ε
1059 196 1205 261 honorilice,

113 256 229 316 pulb-
248 258 278 309 st
298 258 395 310 daobas
416 259 528 322 uuum
546 263 651 322 quatuor
675 275 750 324 quem
761 263 907 313 nonensem
920 265 992 315 Pater
1003 278 1011 313 s
1022 267 1205 329 wemmam

115 323 200 373 ultim
213 323 302 386 mli
315 325 344 375 lu
356 326 455 377 demto
469 327 548 389 parit.
564 328 650 377 Plures
675 331 814 392 toaon’fiw
831 334 992 393 {idumeos
1008 334 1146 395 bonortsw
1156 340 1207 387 Ps-

115 392 510 458 pataltslplareslamtnoequt
520 408 650 457 pasceren-
676 401 839 462 trembleaco·
854 404 925 462 secet
941 403 1043 461 filiast,
1053 416 1095 452 see
1109 406 1205 455 Patrona

114 463 174 523 tar,
183 462 299 512 talant.
310 464 426 526 lienique
439 464 471 513 sd
481 467 538 515 teas
549 467 649 526 nuptias
674 468 755 518 babet.
765 469 824 518 liae
834 470 953 530 quantam
960 470 993 519 ad
1000 471 1082 520 fldem.

116 529 205 589 pluas
214 532 313 582 soeavlt
324 545 331 580 r
342 533 388 583 sed
400 534 452 593 iam
466 547 516 583 nou
532 537 606 595 panis
616 548 650 584 ex
912 575 967 591 ..-

116 597 226 661 berdso,
236 601 283 651 sed
291 615 379 663 corpus
391 604 545 653 ministratur
554 617 569 653 e
577 605 648 653 coelo.

147 669 649 733 swsqnmmaecmmunomnem
847 647 974 703 cuna
998 646 1042 702 11.

116 732 193 786 1101110
202 741 277 788 mltis
286 752 320 788 οἱ
328 740 440 801 virginti,
451 741 558 790 sedante
566 743 648 790 omnia
672 744 768 797 Virginis
782 751 939 791 institutionem
958 753 1097 802 scanditur,
1111 765 1162 804 qun
1177 756 1203 798 ta

116 810 249 870 ‘mmm
268 820 301 856 ,χ
314 809 461 870 pmtqui
479 811 648 858 mmmm.
695 807 748 852 potu
757 810 778 844 st
791 805 839 843 cibo
853 807 908 844 ratio
920 808 1035 854 miranda,
1050 813 1071 846 st
1083 819 1127 858 quo
1142 815 1204 858 pacto

628 878 647 925 Ι·
699 861 771 895 motus
783 859 860 896 animes
870 859 983 898 colslbsndl
995 862 1048 908 sint,
1062 864 1203 911 precipimur

117 887 192 937 Μ’
202 876 298 925 'mm
311 876 405 926 '⁰¹⁶³‘
414 878 519 938 mmm·
531 878 626 939 umen
697 919 741 957 qua
750 912 857 949 occasions
866 912 904 950 ubl
914 913 1031 953 fabulosam
1040 914 1148 964 Hippoiyll
1160 926 1204 955 ae-

117 946 158 993 tas
167 944 290 1003 interris,
301 945 442 1005 animitas
454 945 480 993 ln
490 945 553 994 coelo
563 958 571 992 ε
582 947 649 993 liena
697 973 743 1000 cem
751 966 937 1004 memoriaenon
948 968 1022 1005 „tuln
1030 969 1203 1018 suggillavitque,

117 1025 151 1060 ex
161 1012 228 1072 lieo,
240 1014 324 1073 partus
333 1024 366 1060 ex
381 1014 477 1073 simine
489 1027 497 1059 s
508 1013 605 1071 justitia
615 1014 646 1063 de
694 1017 977 1065 montemmaranum
985 1022 1202 1063 oensvlvtsvttsala

116 1079 188 1129 Patra
196 1112 206 1141 ,
214 1081 294 1128 virtus
307 1080 339 1128 do
349 1084 459 1142 potente,
469 1082 555 1130 lamen
565 1094 598 1130 ex
608 1085 648 1132 lu-
697 1074 778 1110 ΝΟΜ·

116 1147 185 1197 min
198 1161 206 1194 s
219 1159 268 1196 non
286 1148 366 1208 impar
376 1150 530 1208 cenenum,
544 1163 593 1198 non
604 1164 649 1211 po·
701 1152 726 1200 b.
736 1150 785 1201 sm
795 1151 919 1203 interdum
931 1155 1007 1205 etlam
1015 1168 1073 1205 eum
1081 1153 1142 1207 fides
1147 1159 1203 1208 lata

116 1218 207 1265 testate
226 1216 349 1265 discretus
366 1231 374 1262 :
393 1230 442 1266 non
462 1219 537 1266 Verbi
558 1221 647 1268 exten·
671 1219 831 1281 sit,luventa
838 1226 951 1284 suspecta
960 1226 1006 1273 est.
1015 1226 1108 1275 blodico
1116 1227 1201 1288 ltaque

115 1285 200 1345 mone,
211 1285 255 1333 aut
262 1285 399 1345 prolatione
406 1286 537 1346 malassis,
549 1289 577 1335 ut
588 1301 646 1336 cum
671 1290 729 1337 vino
746 1291 833 1350 utere,
852 1302 885 1339 na
905 1290 1072 1341 infirmitatem
1091 1296 1201 1357 eorporis

115 1348 186 1401 Patre
194 1354 303 1412 mixtus,
314 1354 357 1402 sed
366 1355 394 1401 ut
404 1366 418 1401 a
427 1355 497 1402 Patre
507 1357 646 1416 generatio-
671 1369 773 1418 augeas,
784 1371 834 1407 non
844 1360 873 1407 ut
882 1362 1033 1423 voluptatem
1042 1362 1150 1424 excitem
1160 1363 1201 1412 in-

115 1423 153 1471 als
166 1422 226 1482 iare
236 1422 370 1473 meinerus
381 1425 414 1472 sit
425 1437 432 1469 s
445 1426 497 1484 lpse
508 1428 546 1473 cst
557 1425 646 1473 irater·
670 1426 779 1475 cendunt
794 1429 862 1475 enlm
879 1429 973 1488 pariter
987 1429 1051 1488 duo,
1070 1431 1157 1478 vinum
1173 1433 1200 1480 et

114 1503 161 1540 aas
178 1493 255 1552 mus,
271 1492 324 1540 aine
341 1505 391 1552 quo
406 1505 451 1542 nee
467 1494 589 1555 eoeleslia,
599 1507 645 1543 noc
670 1493 844 1542 adolescentia.
857 1495 989 1544 lntraenent
1000 1498 1075 1545 etiam
1088 1499 1200 1547 teneram

114 1560 225 1620 urina,
234 1572 281 1609 nec
289 1561 423 1620 terrestria,
432 1564 576 1611 consistunt.
585 1565 646 1612 Ver·
669 1564 767 1610 aemlem
776 1563 887 1623 ieiunia,
899 1566 925 1613 ct
935 1565 1085 1624 parcimonia
1097 1567 1146 1614 cibi
1158 1580 1200 1615 re-

114 1626 174 1677 bam
191 1629 272 1677 Patris
281 1628 386 1688 bonum,
399 1630 540 1691 quoderat,
552 1631 644 1692 inquit,
670 1631 783 1679 tinaculis
791 1632 937 1691 quibusdam
946 1633 1076 1681 indomitas
1085 1635 1200 1682 cohiberi

114 1699 139 1744 ts
153 1699 290 1759 principio:
301 1697 377 1746 habes
397 1698 452 1756 cius
471 1701 644 1750 aeternitatem.
670 1700 827 1758 cupiditates.
835 1701 1020 1760 ilatiorevocet‚
1028 1703 1125 1760 mitiget
1133 1715 1198 1762 spes,

114 1768 146 1814 Bt
161 1770 228 1825 erat,
240 1767 338 1828 inquit,
349 1769 410 1828 opsd
428 1771 551 1816 Patrem:
569 1771 644 1819 lnabes
669 1766 801 1827 restringat
820 1771 910 1816 metus.
932 1769 991 1815 llam
1012 1769 1054 1828 qul
1071 1771 1198 1817 moderari

116 1833 274 1884 moeream
285 1836 394 1894 al’atre,
406 1837 644 1900 inseparabilemque
669 1837 748 1885 nescit
758 1836 949 1896 cupiditatibus,
960 1836 982 1883 is
990 1836 1054 1884 sicut
1063 1837 1134 1896 equis
1142 1850 1200 1898 rap-

118 1902 244 1952 virtatem.
256 1904 288 1951 m
298 1906 360 1952 bem
369 1908 421 1952 erat
434 1905 536 1953 Verbum
548 1921 557 1953 .·
569 1908 645 1956 babes
669 1905 734 1951 talus
752 1905 897 1964 indomitis,
916 1903 1041 1964 volvitur,
1059 1906 1199 1968 obteritur,

116 1970 251 2032 amasam
268 1972 324 2030 cios
337 1973 507 2032 divinitatem3
528 1975 559 2022 do
578 1988 644 2024 com·
669 1971 790 2032 lanialur,
802 1972 928 2032 affligitur.

115 2042 205 2102 peadm
213 2041 282 2090 enim
294 2041 339 2088 tibi
351 2041 411 2088 tides
420 2043 457 2089 est
467 2042 613 2093 haurienda.
699 2041 722 2088 6.
734 2042 804 2100 Quod
812 2043 943 2103 aliqnando
952 2037 1038 2102 lureni
1047 2042 1078 2091 ob
1090 2055 1198 2093 amorem

139 2112 166 2160 ὅ.
178 2111 260 2170 ilnne,
268 2109 415 2169 blia,dilipe
423 2142 431 2167 ,
440 2110 497 2168 quia
505 2111 583 2160 bonus
591 2113 642 2160 est:
668 2108 752 2158 Diana
760 2112 889 2172 contigisse
900 2112 1019 2171 proditur.
1035 2112 1084 2160 Sed
1095 2114 1199 2172 poeticis

113 2177 187 2230 neno
209 2179 279 2228 enlm
295 2178 368 2228 bonus
384 2181 430 2226 sisi
447 2192 509 2227 sonu
526 2183 598 2229 Deus·
616 2182 642 2230 si
668 2179 1198 2241 mendaciiscoloraturlabula,utileptnnus

112 2250 180 2297 euim
190 2259 242 2296 non
257 2246 384 2296 dubitatur
397 2247 454 2306 quia
471 2249 537 2296 Deus
553 2250 643 2309 Filius,
668 2249 762 2307 praelati
780 2250 867 2297 rivalis
885 2250 968 2298 dolore
981 2251 1197 2312 iactatumque

113 2319 178 2367 Dens
189 2321 275 2366 autem
284 2316 428 2364 bonusest:
443 2317 530 2376 utique
541 2330 589 2365 non
598 2319 644 2366 du·
667 2316 764 2364 dicatur
785 2317 892 2365 furorem
913 2318 1063 2377 immisisse,
1081 2331 1129 2377 quo
1144 2319 1199 2377 eius

113 2384 220 2446 bllator,
231 2385 289 2447 quia
300 2385 365 2434 lions
376 2386 453 2433 bonus
464 2385 550 2433 l'ilius.
563 2388 643 2446 liudo,
669 2396 754 2443 magna
771 2385 882 2446 potentia
899 2385 1059 2445 predicetur,
1076 2385 1142 2443 qnod
1154 2387 1197 2444 lu-

112 2458 231 2519 inquam,
246 2455 332 2515 dilige.
350 2456 404 2515 lpse
423 2457 461 2503 cst
480 2467 554 2516 quem
572 2457 644 2504 Pater
668 2464 758 2500 venem
775 2465 825 2501 aon
841 2454 933 2501 virtute
954 2453 1029 2511 vicit,
1048 2451 1092 2500 sed
1109 2453 1196 2501 fraudo

111 2526 271 2586 resultante
288 2524 444 2582 Luciferum,
460 2524 488 2571 ut
503 2526 642 2572 aeternum:
668 2519 774 2582 decepit.
790 2522 859 2569 Unde
873 2523 949 2570 eliam
959 2520 1108 2569 sacrificium
1122 2525 1197 2581 qnot-

111 2607 144 2642 οι
164 2597 238 2642 utero
259 2593 403 2651 generavit,
426 2594 454 2640 ut
475 2590 566 2639 Filium
586 2605 592 2638 :
610 2606 643 2641 ex
668 2590 739 2638 annis
757 2591 895 2639 instaurant
913 2590 1015 2648 Dianas,
1030 2590 1059 2636 nt
1073 2602 1151 2650 equus
1165 2591 1198 2639 ad

111 2662 184 2710 eorde
197 2661 641 2721 cructavit,utllerbum.lpeoestin
667 2660 721 2715 ojus
739 2659 880 2707 immoletur
901 2670 962 2706 aras.
980 2659 1058 2716 Quem
1074 2657 1197 2717 virginem

109 2744 158 2792 qao
175 2731 326 2790 complacuit
335 2730 425 2777 Pater:
440 2733 492 2790 ipse
511 2733 548 2780 cst
565 2734 643 2780 Patris
667 2726 766 2786 dicunt,
777 2740 832 2787 quae
842 2726 851 2787 (
861 2727 886 2775 id
895 2727 1044 2788 quodetiam
1054 2725 1197 2774 meretrices

111 2801 256 2857 brachium,
275 2798 332 2859 quia
348 2800 443 2848 creator
462 2802 499 2847 est
514 2802 640 2848 omnium:
667 2798 815 2845 erubescere
830 2797 909 2844 solcnt
923 2795 932 2857 )
947 2807 1030 2843 amaro
1047 2795 1127 2855 potuit
1147 2807 1196 2842 non

109 2868 189 2917 maris
207 2866 343 2927 sapientia,
357 2867 414 2927 quia
428 2879 461 2913 ex
471 2867 517 2915 Dei
529 2880 571 2915 oro
585 2882 642 2929 pro-
666 2867 797 2914 amantem.
807 2865 854 2913 Sed
866 2866 974 2912 babeant
982 2876 1028 2925 per
1039 2875 1079 2911 mo
1090 2863 1151 2911 licet
1160 2862 1197 2910 la·

110 2940 184 2987 cessit
194 2952 202 2985 s
212 2937 290 2984 Patris
298 2936 391 2994 virtus,
403 2937 462 2997 quia
470 2937 607 2985 divinitatis
616 2940 641 2985 in
666 2933 730 2982 bula
741 2947 792 2982 sun
804 2935 990 2992 auctoritatem,
1001 2933 1060 2993 quia
1071 2933 1131 2980 licet
1142 2944 1197 2981 see·

110 3005 641 3068 eocorporaliterltabitatplenitudo.Quem
666 3002 755 3050 lestum
765 3004 913 3063 utrumque,
924 3005 1008 3050 minus
1019 3003 1102 3048 tamen
1113 3001 1146 3049 sit
1155 3001 1196 3060 jn-

111 3077 182 3124 l’ater
191 3075 229 3123 ita
241 3074 337 3133 diligit,
349 3074 376 3120 ut
388 3075 413 3120 in
430 3074 486 3119 sinu
503 3075 599 3132 portel,
610 3074 641 3122 ad
665 3081 754 3118 venem
764 3084 847 3118 amore
863 3071 982 3117 adulteras
993 3071 1027 3117 sic
1043 3068 1156 3128 flagrasse
1168 3073 1197 3117 nt

111 3144 240 3192 dexteram
251 3144 331 3200 locct5
348 3143 376 3188 at
386 3141 531 3202 sapientiam
548 3142 641 3202 discas,
666 3139 770 3198 periret,
779 3151 853 3199 quam
861 3138 931 3195 duos,
940 3140 967 3185 ut
976 3138 1022 3196 ipsi
1031 3136 1127 3193 dicunt,
1137 3136 1196 3183 deos

111 3211 351 3261 virtutemuoverls.
666 3205 697 3254 de
718 3209 841 3256 adulterio
863 3207 968 3254 certasse
985 3206 1089 3251 :lovem
1111 3206 1196 3251 aulem

139 3277 202 3328 lusi
214 3277 640 3340 igltnrvlrtusDelCliristusmum-
666 3277 774 3326 dolorem
795 3275 925 3324 scortantis
945 3273 1002 3321 bliae
1023 3272 1049 3319 in
1070 3271 1195 3320 medicum

113 3341 640 3403 oridaliquaudosinevirtutebenalllum-
666 3345 802 3391 vindicasse
817 3341 939 3400 adulteri,
955 3342 1022 3401 quod
1038 3341 1093 3399 eius
1105 3343 1198 3390 curarit

113 3412 172 3471 qnid
192 3412 325 3472 aliquando
345 3412 399 3458 sine
419 3412 482 3459 lilio
499 3412 595 3460 Pater?
615 3412 639 3458 Si
668 3410 834 3471 vnlnera,qui
847 3413 949 3458 suanam
960 3415 985 3459 in
996 3411 1197 3459 silsisadultera·

114 3493 209 3541 semper
220 3481 308 3541 utique
317 3482 401 3538 Pater,
412 3484 500 3540 ulique
512 3494 609 3541 semper
617 3484 642 3529 et
667 3480 746 3534 verit,
763 3479 916 3526 venatricem
932 3492 990 3527 sanc
1010 3480 1127 3540 optimam
1148 3492 1196 3529 non

116 3549 196 3599 lilius.
206 3550 312 3599 Perleeti
321 3562 379 3610 ergo
387 3549 464 3609 patris
472 3550 596 3609 periectos
604 3553 641 3599 est
667 3548 788 3606 terarum,
803 3550 847 3596 sed
864 3547 1008 3609 libidinum,
1026 3551 1069 3599 sed
1088 3550 1195 3598 terarum

118 3618 200 3666 lilius.
209 3621 270 3667 llam
281 3619 324 3678 qui
334 3619 421 3665 virtuli
432 3618 545 3678 derogat,
557 3618 581 3666 ei
600 3619 642 3666 de·
666 3617 741 3663 etiam
751 3648 758 3674 ‚
769 3616 797 3664 ut
808 3617 874 3663 nuda
885 3621 1025 3667 venaretur.

119 3690 195 3748 sogal,
211 3686 283 3745 cuius
297 3688 335 3735 eet
345 3689 432 3736 virtue
449 3688 641 3747 inequalitatem
697 3686 720 3731 7.
739 3685 803 3733 Dent
818 3685 894 3745 igitur
909 3688 1021 3746 lleptuno
1041 3688 1193 3735 dominatum

121 3755 266 3817 umredpit
284 3755 394 3816 perlecta
416 3755 539 3804 divinitas.
561 3756 640 3817 Dilige
668 3755 776 3816 luroris,
795 3757 823 3803 ut
843 3755 969 3804 adstruant
991 3756 1085 3858 crimffin
1106 3755 1195 3805 incesti
