2632 4784
168 323 185 369 ¹
575 323 704 371 sinent
728 324 894 372 inanest!

168 400 285 463 mysterio
308 402 469 462 constitutos,
495 400 584 451 tornois
607 402 698 463 sepelis
722 401 806 451 belum
832 403 885 451 Deo
905 402 1039 454 Dominicre
1060 402 1180 466 preslouls
1208 419 1258 469 pro

168 469 295 519 tensibilia
309 471 341 520 ds
351 471 462 520 latibulis
472 470 595 519 irumeuta
605 470 698 532 produ·
723 471 876 519 redemtione
882 472 968 533 populi
976 471 1150 523 deferendum.
1156 475 1256 523 Etenim

168 538 252 600 cersi,
263 537 460 600 electionemque
469 539 698 599 sanctorumspur·
722 539 815 588 ritulus
835 539 879 588 ilie
896 540 954 591 ¹crat
968 541 996 589 ln
1013 542 1073 605 type
1089 542 1216 602 Christus,
1227 545 1256 592 in

168 607 289 667 minentis
306 607 389 656 inanis
407 608 486 668 paleas
506 606 696 666 sequestraret:
721 619 771 667 quo
789 608 885 669 septem
900 608 1049 670 spiritalium
1060 610 1190 672 plenitudo
1200 613 1256 660 rir-

167 675 212 735 qui
226 675 352 737 tamqrmm
368 678 437 737 rirpu
451 675 564 725 reriiuiis
575 677 696 740 exerciti,
723 677 818 735 tutum,
836 677 901 725 sicut
918 679 999 728 Esaias
1018 679 1097 739 dixit,
1113 680 1257 730 habitabat.

167 744 291 804 superiius
317 747 409 795 veteris
433 747 541 794 bominis
565 758 621 794 cum
643 746 697 805 eius
722 742 792 793 iluue
816 744 922 793 situlum
946 747 973 794 et
995 747 1117 795 Abmbm
1146 749 1255 810 obtulit,

167 813 263 862 cetibus
273 815 425 875 deponentes
433 849 441 876 ,
449 815 519 876 quasi
530 815 557 862 iu
567 814 697 876 torculari,
720 812 818 871 quando
833 814 900 861 diem
912 814 1011 863 Domini
1022 816 1103 875 sidit,
1117 816 1143 864 et
1153 820 1256 876 parisus

168 880 238 930 itaiu
254 885 362 932 Ecclesia
377 884 571 944 congregantur3
586 884 696 933 Ecclesia
721 882 770 929 est.
789 881 835 930 llic
851 884 889 931 sat
903 882 947 945 qul
969 897 1034 932 nunc
1052 885 1078 932 ln
1094 886 1159 933 badi
1175 887 1257 946 typo,

167 951 237 998 euim
252 952 360 999 torcular
370 955 407 1000 est
415 953 489 1000 tontis
500 952 601 1012 oeterni,
613 952 696 1014 inqua
721 950 817 998 nuncin
826 951 1076 1010 oris‚uunciurltuii
1088 955 1254 1003 offerebatur.

167 1018 274 1067 soleatis
284 1020 344 1067 vitis
352 1020 444 1068 fructus
456 1021 573 1069 exundet.
721 1018 1033 1079 Hammoniacum
1045 1020 1251 1082 prodslicilssite

196 1085 222 1134 2.
238 1088 293 1146 Quo
308 1090 390 1137 motus
405 1089 503 1137 oraculo
517 1089 629 1148 Gedeon,
640 1101 695 1138 cum
720 1085 786 1145 ovis,
800 1087 868 1147 quod
885 1089 1024 1137 voluntaris
1039 1089 1139 1138 hostia:
1157 1090 1255 1150 rituli,

166 1154 275 1205 audisset
285 1159 350 1216 quod
361 1158 537 1206 deficientibus
546 1159 606 1206 licet
616 1172 696 1219 popu-
720 1154 784 1213 quod
792 1153 947 1203 hammitis
957 1157 990 1205 sii
998 1157 1110 1207 uictima.

166 1222 247 1271 lorum
262 1226 385 1285 millibus,
399 1227 427 1275 in
442 1239 493 1275 uno
508 1227 562 1274 siro
577 1227 696 1274 Dominum
751 1222 776 1269 li·
789 1223 905 1270 Providit
923 1235 982 1285 erqo
996 1226 1140 1287 mysterium
1150 1229 1254 1277 sanctos

166 1291 265 1353 piebem
288 1307 357 1342 susm
378 1294 410 1343 sb
430 1295 545 1344 hostibus
562 1295 694 1355 liberarem
719 1288 828 1339 Gedran-
846 1292 959 1354 lienique
980 1294 1104 1344 treeemm
1122 1297 1201 1357 clepit
1219 1298 1253 1345 sd

166 1360 258 1410 obtulit
267 1361 365 1411 lindum
375 1375 504 1424 caprarum
516 1362 586 1422 ruins
595 1376 694 1411 carnem
719 1359 832 1416 praelium
842 1372 850 1418 ;
861 1360 891 1407 ui
901 1361 1042 1410 ostenderet
1052 1374 1099 1409 uon
1108 1362 1135 1409 iu
1144 1375 1252 1412 uumem

166 1430 301 1478 ”mudum
310 1434 460 1492 preceptum
469 1433 602 1492 introiisti
610 1444 695 1491 azyma
720 1427 901 1487 multitudinis,
912 1430 954 1477 sed
968 1431 995 1477 iu
1005 1434 1156 1480 sacramento
1168 1433 1252 1481 crucis

166 1506 240 1557 supra
250 1499 347 1558 petram
361 1500 458 1559 posuit,
471 1501 497 1546 ei
507 1511 536 1545 ea
544 1499 600 1556 iure
609 1498 695 1558 periu-
719 1494 873 1542 mundumab
884 1497 984 1546 incursu
993 1500 1251 1560 graviorumlrostium

167 1565 293 1627 ditzqoo
312 1568 386 1616 simui
407 1568 436 1616 ut
454 1569 529 1627 virgas
550 1567 693 1627 cacumine,
720 1562 884 1613 liberandum.
901 1568 931 1614 Et
944 1569 1027 1616 iumen
1046 1568 1106 1617 iicet
1131 1569 1202 1617 iuriis
1222 1572 1253 1618 ct

166 1646 239 1696 quum
247 1636 350 1695 serebat
360 1637 465 1696 inpetus
478 1636 524 1684 Dei
534 1635 651 1695 contigit,
663 1636 694 1684 de
719 1632 795 1693 fidus,
803 1634 912 1694 pleniora
920 1636 1000 1684 adbuc
1008 1638 1149 1687 deliomino
1159 1639 1253 1688 iuturus

166 1704 237 1764 petra
247 1704 412 1764 imissrupit3
421 1706 494 1765 atque
505 1705 538 1752 ita
546 1703 694 1753 sacrificium
719 1701 829 1749 victoriis
839 1702 985 1753 documenta
995 1706 1134 1766 quaerebat,
1146 1706 1248 1755 dicensr

166 1772 232 1831 quod
248 1774 411 1833 oiierebaiur,
426 1773 565 1821 absumtum
580 1776 626 1821 esi.
642 1774 694 1830 Quo
720 1770 746 1815 si
759 1770 835 1817 solcas
851 1773 876 1818 in
890 1784 964 1819 monu
973 1788 1026 1822 roeo
1038 1777 1125 1833 lsrael,
1136 1778 1251 1836 quemod-

166 1838 259 1889 tedlcio
277 1840 612 1901 deciaratumsideturquod
625 1843 694 1900 petra
719 1839 813 1883 modom
831 1838 940 1899 ioqsutss
960 1854 998 1899 cr,
1018 1844 1194 1903 Domtne5eoce
1207 1857 1252 1904 eoo

165 1906 210 1957 iila
225 1909 312 1970 typum
329 1910 445 1959 babuerit
461 1910 571 1970 corporis
588 1909 693 1968 Chrisii3
718 1918 781 1964 prono
790 1907 930 1957 lacescitur
939 1911 1030 1957 inoreo
1041 1925 1050 1958 .·
1061 1913 1114 1959 etsi
1123 1924 1162 1959 ros
1172 1911 1252 1971 {octus

165 1976 225 2039 quia
236 1979 355 2039 scriptum
372 1981 411 2028 ost
421 1993 428 2027 =
439 1980 555 2028 liibciout
572 1981 600 2027 de
616 1992 695 2026 conse·
719 1973 790 2032 {semi
800 1988 871 2034 moer
880 1977 964 2036 sellus,
975 1981 998 2026 et
1014 1992 1082 2041 super
1092 1992 1184 2028 omrem
1202 1982 1252 2028 ter·

166 2047 247 2105 punit
256 2060 294 2096 eos
303 2050 543 2109 petro,petrooutem
553 2051 605 2094 croi
615 2048 695 2095 cbrn-
719 2056 772 2090 rom
781 2045 872 2093 siccitas
878 2078 887 2103 ‚
904 2059 1039 2106 coqrroscum
1057 2049 1113 2109 quio
1128 2048 1153 2096 in
1172 2061 1251 2097 moes

165 2116 212 2163 ter.
232 2114 303 2175 Quod
322 2117 410 2177 utiquo
428 2127 478 2163 uon
495 2115 528 2162 ad
537 2115 694 2163 divinitatem
719 2124 772 2160 uro
788 2115 913 2161 secundem
936 2118 1052 2176 pronum
1069 2118 1112 2164 tuo
1135 2118 1251 2177 mpmm

165 2180 233 2242 elus,
249 2183 334 2232 sedad
345 2196 443 2231 caruem
460 2183 566 2231 relatum
577 2184 629 2242 est,
640 2198 694 2245 qum
720 2178 835 2229 nosram.
853 2183 886 2229 m
902 2184 937 2230 ito
947 2183 1035 2243 {mom
1046 2183 1143 2232 ert-Sed
1154 2185 1251 2244 adiecit

164 2248 303 2300 utentium
316 2253 396 2301 corda
422 2253 569 2313 populorum
588 2254 692 2313 pereunt
719 2248 1252 2315 postea,utrursumrosproilueretsoper

165 2317 219 2369 riro
228 2320 403 2382 misanpuinis
414 2321 554 2370 inundarit.
720 2318 795 2364 totam
813 2318 919 2381 terram,
936 2320 1069 2370 stsiccttas
1080 2321 1183 2370 essetin
1194 2324 1253 2372 rsi-

194 2388 219 2438 s.
227 2390 282 2439 lam
293 2392 354 2441 tuuc
362 2393 438 2454 ipiiur
448 2395 474 2440 iu
485 2393 602 2453 mysterio
612 2392 694 2442 decia·
719 2386 781 2433 itte·

164 2456 245 2507 ntum
255 2459 307 2519 est,
316 2459 375 2521 quia
384 2459 503 2509 Dominum
508 2461 579 2508 lesus
585 2461 611 2508 in
620 2475 694 2510 camo
748 2456 773 2504 6.
783 2456 875 2516 Quarti
886 2456 986 2506 romeos
999 2459 1089 2521 aliquis
1099 2459 1247 2507 utrumnam

164 2538 209 2574 sus
232 2527 310 2576 totius
330 2529 418 2577 muudi
440 2530 541 2591 peccate
562 2531 694 2579 crucifixus
718 2526 788 2585 qussi
808 2526 950 2575 incredulus
977 2540 1030 2576 esse
1050 2527 1179 2587 videatur,
1201 2529 1250 2589 qui

163 2595 275 2645 aboleret
286 2610 293 2644 c
304 2610 350 2645 nec
362 2599 442 2645 solum
452 2596 542 2645 delicta
554 2597 692 2657 tactorum,
718 2592 888 2654 frequentibus
899 2595 1042 2643 informatus
1052 2595 1152 2643 indiciis
1165 2595 1252 2643 adbuc

164 2662 208 2711 ssd
221 2664 298 2713 etlam
309 2666 457 2726 cupiditates
475 2667 622 2714 animorum.
633 2668 694 2714 Caro
718 2664 788 2724 plura
804 2665 935 2725 poscebat?
967 2666 1014 2713 Sed
1039 2665 1249 2726 quomadmodum

163 2730 232 2779 euim
247 2732 312 2780 hredi
332 2732 363 2779 ad
383 2735 482 2794 culpam
500 2733 559 2780 iacti
569 2732 692 2794 retertur3
718 2734 799 2789 potest
811 2733 889 2780 rideri
900 2733 969 2794 quasi
983 2732 1111 2792 ambiguus
1124 2732 1251 2780 incertus-

162 2795 205 2853 ius
223 2796 255 2844 ad
275 2798 405 2848 illecebras
421 2798 605 2860 cupiditatum,
628 2802 693 2848 sicut
717 2810 766 2857 que
777 2799 947 2860 tentasse,qui
957 2802 1072 2861 mysteria
1084 2800 1251 2860 loquebatur!

163 2862 282 2925 seriptum
298 2867 336 2913 cst
350 2878 357 2912 τ
369 2869 431 2929 Quio
447 2869 575 2927 concupis-ii
593 2870 694 2929 populus
717 2867 770 2913 Non
781 2880 839 2928 ergo
849 2869 892 2916 ille
904 2869 1099 2928 ambiguus‚sed
1110 2869 1249 2929 prouidus,

163 2935 310 2995 cupiditatem
317 2940 455 2996 moinum,
467 2938 693 3000 eidircruutthis
719 2947 750 2983 ne
772 2950 816 2984 nos
837 2939 1026 2997 smloigeremus.
1042 2941 1101 2985 Nam
1123 2939 1252 2997 quomodo

163 3014 207 3051 nos
216 3003 301 3051 ciioott
311 3005 397 3052 cornel
409 3006 478 3064 Quod
491 3006 566 3065 igitur
579 3008 693 3056 extendit
718 3004 760 3050 ilie
777 3006 920 3067 ambiguus,
936 3008 1006 3065 quus
1021 3006 1129 3067 precatio
1140 3005 1252 3054 babebat

163 3070 269 3133 inpetus
281 3071 389 3134 virgam,
407 3075 433 3122 oi
447 3074 528 3135 tetigit
538 3076 649 3136 petram,
661 3077 692 3125 de
718 3073 846 3121 ellectum?
855 3073 922 3122 Unde
936 3076 1018 3122 arstcm
1032 3086 1133 3123 securus
1144 3074 1249 3122 adorsus

162 3150 211 3201 qua
230 3140 294 3203 lpnls
315 3143 409 3203 exivit,
430 3143 537 3191 ostendit
555 3146 619 3205 quod
635 3159 691 3193 coro
717 3143 970 3203 esseipraeiium,nisi
982 3142 1146 3190 intellexisset
1158 3155 1251 3193 oracu-

162 3210 362 3273 Ileruiuispiritu
370 3215 469 3274 jreplela
481 3214 580 3275 divino,
591 3218 691 3276 peccata
718 3212 767 3259 ium
779 3224 787 3259 c
798 3224 837 3260 ros
852 3211 918 3259 eninr
935 3212 963 3258 in
978 3213 1071 3258 vellere
1082 3210 1143 3258 tides
1154 3214 1209 3260 erat
1220 3214 1248 3261 in

163 3280 245 3330 emula
265 3282 379 3331 humane
400 3283 547 3330 conditionis
563 3287 690 3332 exureret.
716 3282 813 3341 ludaea3
829 3280 887 3342 quia
904 3280 1029 3339 electros,
1046 3280 1091 3327 bei
1109 3281 1185 3328 verba
1203 3283 1250 3330 de·

161 3349 232 3400 llude
244 3352 270 3400 et
281 3352 400 3400 Dominus
410 3352 444 3398 ait
457 3362 463 3395 ι
475 3353 556 3412 lquem
569 3356 623 3401 oeni
636 3356 691 3402 mit·
716 3351 844 3399 scendunt.

162 3420 353 3468 tersisterrom.
747 3422 770 3467 7.
778 3418 940 3479 Ergoquando
948 3417 1084 3466 totusorbis
1092 3417 1250 3468 infructuoso

191 3484 217 3535 t.
230 3488 343 3535 Advertit
353 3487 429 3547 igitur
442 3488 481 3535 sir
491 3489 576 3536 doctus
587 3490 612 3538 et
626 3502 691 3550 pre·
716 3490 778 3535 assiu
802 3490 902 3547 gentilis
934 3487 1117 3546 superstitionis
1142 3487 1249 3547 arebat,

161 3566 233 3615 capus
247 3554 325 3603 loturi
337 3568 442 3616 superno
453 3558 582 3618 mysterin3
595 3560 619 3606 ei
633 3558 689 3606 ideo
716 3558 774 3604 tunc
798 3558 849 3602 erut
863 3568 901 3603 ros
919 3555 962 3603 ilie
975 3555 1082 3602 coelestis
1096 3554 1251 3605 visitationis

161 3623 297 3672 secundum
318 3625 416 3674 oracula
439 3628 531 3676 occidit
550 3628 656 3675 vituium
675 3640 689 3674 u
716 3625 855 3673 luvellum.
873 3626 959 3672 i‘ostea
972 3637 1111 3684 veroquam
1124 3638 1249 3685 ovesqum

160 3692 231 3752 psus
252 3705 296 3741 suo
315 3694 386 3741 idolis
412 3695 571 3755 deputatum,
590 3699 617 3743 et
636 3696 689 3755 lpse
715 3695 842 3754 perierunt
850 3694 937 3741 domus
945 3694 1108 3753 lsraeliunde
1116 3697 1175 3754 puto
1185 3694 1250 3755 ilpu-

161 3763 305 3824 septennem
324 3763 400 3812 olium
420 3765 527 3811 vituium
551 3765 689 3810 immolavit
716 3763 1250 3823 mmludoicivellerisadombratam)oses,

160 3830 689 3889 lieo.Quoiuciomuniiestissimerevelarit
716 3834 830 3894 inquom,
849 3833 898 3880 illm
910 3832 1000 3879 iontem
1009 3844 1079 3891 aquae
1091 3833 1153 3879 rive
1171 3844 1251 3894 nega·

160 3899 357 3960 postadsentum
369 3901 690 3959 Durnioiomuiapeutilita-
715 3903 787 3959 ruut3
812 3913 850 3948 ros
867 3900 925 3947 fidei
952 3900 1077 3948 humentis
1099 3901 1198 3949 exeruit
1222 3903 1250 3949 iu

160 3969 195 4018 tis
203 3967 322 4018 abolende
332 3970 465 4029 sacrificiu,
475 3971 602 4031 solumque
611 3969 690 4018 sacri·
714 3969 853 4030 pectoribus
869 3969 1176 4030 iudeorum,meatusqus
1185 3982 1252 4018 suos
