2632 4784
267 110 449 156 nxrosmlo
463 111 497 155 ΙΝ
514 109 640 162 Lucil,
655 110 754 156 claun
769 112 928 157 uicimus.
1090 104 1138 161 {id

10 238 13 247 ,
89 189 590 253 hmdadiaethdpsonissntioui·
612 190 771 243 salutarius
783 192 930 253 raditu,est
945 192 1014 241 enim
1028 192 1146 251 striatam

84 260 248 311 isam
260 259 500 320 amiciaminors
512 260 589 323 gladii
612 258 747 322 bomlaus,
767 262 929 322 ammentum
950 259 1039 320 mels
1058 273 1147 312 consa·

79 328 192 391 ffl,
199 328 244 391 qul
254 330 295 379 est
303 341 386 379 sumo
396 329 532 379 bisacutus
543 342 551 376 a
562 331 589 380 et
610 331 721 392 quantur
729 340 831 378 necesse
841 329 892 389 est,
903 329 929 377 et
939 329 1099 390 plenitudine
1107 331 1147 379 di·

10 414 29 493 a·
71 396 202 519 am
215 397 316 448 diversa
330 396 358 447 iu
373 399 425 447 sole
442 398 547 447 etism
562 399 589 447 st
611 398 722 449 multatis
741 398 844 461 propius
863 410 890 448 ve
918 399 1070 451 iuiundeute
1093 412 1147 447 mo-

611 468 723 517 veantur.

93 536 130 585 ti.
142 536 432 599 onesimseeunuun
445 535 587 585 Mattheum
640 536 681 586 td.
710 536 774 587 Sunt
794 537 870 586 stiam
892 535 998 586 virtutes
1025 537 1144 587 caelorum

66 605 586 668 minumexpnnuntmzrunnnquis,
610 621 665 668 quae
683 609 799 656 enarrant
816 608 919 668 pieriam
938 609 1000 667 liei,
1018 621 1074 669 quaa
1090 609 1144 669 ple·

10 706 15 717 ι
62 677 95 726 sat
107 676 284 735 maesse,
300 680 323 724 et
339 677 396 725 tuso
410 688 458 724 eovv
472 674 536 723 dabit
551 677 586 723 tu·
611 674 777 722 nioreCivristi
790 674 1082 734 infusionemoveautur,
1093 677 1145 724 viv·

61 758 110 795 na
125 759 215 803 mss,
235 747 258 793 et
274 746 344 794 detto
360 746 450 793 cudent.
471 742 587 791 Plurimis
611 743 677 791 tutes
687 742 827 804 spiritales,
842 756 896 803 quaa
913 743 999 792 vident
1009 745 1142 803 ebriatum.

59 813 123 863 euin
138 825 155 861 a
172 812 295 874 reiigione
316 812 504 870 deicientibus,
522 811 587 859 clara
610 812 699 861 Docuit
720 825 764 860 nos
781 811 860 860 David
877 812 1084 872 quemadmodum
1104 812 1144 859 bas

57 882 116 931 ides
129 881 303 931 obscurabitur
312 880 380 929 nube
393 880 517 941 perfidiam
529 880 586 940 quis
610 883 758 930 moveantur
776 882 897 942 virtutes,
911 882 999 929 diceus
1014 895 1021 929 v
1038 882 1144 931 ,decedito

56 951 117 1000 mibi
133 952 171 1007 sol
182 951 228 999 iilo
238 949 345 999 coeloeffl
353 961 410 998 mea
423 949 472 999 lide
486 949 527 998 vel
538 947 586 996 mi·
610 953 641 1000 nd
651 965 720 1008 euvv,
735 954 757 999 et
772 951 949 1000 diurninovvvtei.
966 950 1055 1000 Docuit
1066 951 1142 1001 etiarn

54 1019 153 1079 nitur,
164 1020 208 1070 vel
217 1020 331 1081 augetur.
345 1017 586 1076 Quemadmodum!
610 1016 1141 1081 PaulusdbemadmodumChristumvideas3

54 1085 369 1150 plm'imiradiosmundani
376 1086 585 1147 solisadspictaut,
610 1101 666 1136 cum
682 1088 750 1137 enim
766 1100 898 1136 conversus
913 1088 994 1137 tueris
1010 1089 1042 1137 ad
1056 1089 1142 1137 Domi-

55 1170 98 1218 pvu
108 1157 186 1219 captu
196 1154 305 1204 videntis
319 1155 363 1204 ant
373 1153 487 1216 pallidior
497 1155 533 1202 sol
548 1155 586 1201 vi·
609 1169 683 1218 num,
691 1155 805 1205 aufertur
812 1156 939 1217 velamen,
948 1158 974 1205 et
982 1156 1051 1206 vides
1058 1157 1141 1205 Cbriv·

54 1226 197 1287 detur,aut
205 1224 295 1273 clarior
313 1236 321 1270 a
339 1224 375 1271 ita
391 1235 437 1284 pro
454 1222 585 1271 dovotione
610 1227 672 1274 tum.

55 1291 586 1354 medatisuuicuiquespiritaielumeniu·
633 1292 1140 1356 ll.vldesillumlnuublbus.rlonequl·

55 1364 176 1414 tunditur.
190 1364 224 1413 m
232 1361 439 1424 quemadmodum
452 1361 586 1409 menstruis
609 1361 667 1412 dem
677 1364 738 1425 puto
747 1364 814 1425 quod
824 1365 851 1411 in
862 1364 968 1426 callgine
978 1363 1106 1414 tenebrosa
1114 1366 1141 1415 et

55 1434 168 1483 corebus
181 1433 243 1481 lam
255 1431 298 1479 vei
312 1430 386 1478 terra
401 1429 516 1491 oppositu
529 1441 585 1479 cum
609 1434 709 1483 herrore
717 1435 822 1495 pluviali
832 1434 942 1483 cbristus
950 1434 1081 1494 adveniat3
1093 1447 1140 1483 nu-

55 1502 127 1554 iaevit
143 1515 160 1552 e
172 1502 276 1564 remoue
285 1500 358 1559 solis,
373 1499 485 1549 sanescit
495 1512 503 1546 a
513 1499 549 1547 sic
559 1501 585 1549 et
608 1503 652 1551 bes
663 1503 730 1551 enim
740 1502 838 1564 qnando
848 1503 978 1564 videntur,
990 1504 1079 1552 roeiunv
1090 1504 1140 1551 uti·

54 1574 134 1623 nucia
154 1572 281 1631 Ecclesia,
301 1581 359 1618 eum
380 1568 471 1617 lumini
490 1568 584 1617 coelesii
608 1583 656 1632 quo
676 1572 793 1632 caliganti
814 1572 916 1621 borroro
937 1572 1082 1621 subtexunt.
1110 1573 1139 1619 it

55 1642 112 1691 vitia
130 1641 216 1691 carnis
232 1639 365 1696 obsistunt,
382 1637 488 1699 fulgores
505 1637 584 1686 divini
608 1641 729 1701 quomodo
747 1642 773 1689 in
789 1640 841 1689 solo
856 1640 940 1701 posuit
952 1640 1139 1689 tabernaculum

55 1707 432 1760 luminisderristiradiisuon
441 1706 521 1766 potest
531 1719 584 1755 mu·
607 1719 694 1770 savum,
705 1710 726 1757 si
737 1708 854 1770 pluvialis
864 1709 913 1758 erit
923 1708 977 1768 eius
986 1708 1124 1757 advenlusi

55 1781 126 1828 tauri.
142 1780 205 1828 itam
226 1777 253 1825 iu
272 1775 484 1837 persecutionibus
501 1775 584 1825 lucem
637 1775 677 1824 aa.
698 1778 747 1826 Sed
764 1778 821 1826 sunt
838 1777 919 1824 nubes
935 1789 1008 1836 qna,
1027 1777 1084 1836 quia
1102 1778 1138 1825 sic

57 1849 100 1898 liei
110 1849 180 1898 solus
193 1846 341 1908 plenumque
355 1856 423 1893 amor
436 1844 496 1893 vite
510 1844 585 1904 buius
608 1846 714 1906 oportet,
721 1846 830 1893 eoelestis
839 1845 962 1893 obtexunt
969 1845 1081 1905 mysterii
1088 1846 1139 1892 cla-

58 1918 177 1967 excludit.
607 1915 730 1964 ritatem
748 1915 896 1963 suntnuives
910 1927 966 1975 que
984 1927 1038 1962 rore
1053 1915 1139 1973 uratia

85 1986 127 2035 3⁸.
146 1987 220 2036 sudo
231 1986 328 2045 eudem,
346 1981 383 2033 illi
399 1983 484 2046 adque
500 1995 585 2033 resur·
607 1983 726 2044 spiritalis
743 1982 898 2031 humescant.
920 1981 1024 2042 Adspice
1045 1982 1140 2030 nubem

57 2055 175 2106 rectionis
188 2055 263 2116 glorta
271 2055 322 2113 iam
337 2054 470 2112 micantes,
485 2054 522 2101 illi
535 2054 584 2102 viri
608 2051 636 2099 in
644 2051 725 2101 veteri
738 2051 953 2100 testamentoria
964 2051 1086 2109 columne,
1101 2049 1140 2099 lu·

56 2126 118 2176 u'cut
127 2125 260 2181 luminaria
273 2125 300 2171 in
311 2123 401 2172 amulo
411 2123 514 2170 verbum
525 2122 585 2171 vit·
607 2121 677 2185 quit,
687 2122 755 2171 nutis
766 2121 942 2184 marloturud
953 2133 1001 2169 eor.
1013 2120 1060 2169 Per
1073 2121 1139 2181 lloy·

55 2191 366 2253 momenmentum
378 2191 469 2252 quibus
481 2191 584 2238 Atrabas
607 2205 651 2242 sen
660 2193 747 2253 utique
755 2191 1054 2252 loquebatur‚-periesum
1062 2191 1137 2250 liare,

55 2264 147 2314 ibium
159 2265 214 2324 est,
224 2262 284 2324 quia
293 2260 358 2309 sicut
369 2260 459 2308 coelum
469 2259 548 2319 lulsset
558 2260 585 2308 et
607 2259 651 2321 qui
662 2261 738 2309 solem
749 2259 851 2316 statuat,
865 2259 894 2306 ut
909 2258 1029 2318 plenioris
1039 2257 1141 2307 tunninio

54 2334 143 2391 teile,
153 2333 191 2380 sic
200 2334 227 2381 et
235 2342 319 2379 semen
327 2328 390 2388 elus.
399 2329 519 2377 incident
527 2340 584 2388 ergo
607 2329 732 2390 acciperet
739 2327 884 2376 claritatem.
894 2328 955 2386 iimo
963 2326 1057 2386 lioyses
1066 2328 1091 2374 et
1098 2327 1140 2374 ie·

54 2399 195 2451 bominibus
212 2397 372 2460 patriarcba,
392 2396 511 2444 excident
527 2406 585 2456 pro-
608 2397 734 2445 susnubes
744 2396 813 2443 sunt.
825 2393 928 2454 Adspice
938 2392 1140 2453 quiavlrisancti

55 2470 147 2530 pbetae,
163 2468 188 2517 si
199 2466 378 2528 persecutionis
392 2463 515 2513 acerbitas
525 2476 585 2512 cou-
607 2464 686 2512 nubes
696 2464 766 2521 sunt,
782 2463 825 2523 qui
836 2462 902 2511 sicut
912 2460 992 2510 uubes
1005 2460 1102 2521 volant,
1113 2464 1140 2511 et

55 2539 159 2589 vilescat
171 2551 180 2585 =
191 2549 248 2597 quae
261 2534 357 2596 oportet
371 2534 440 2593 iteri,
451 2533 528 2582 donec
539 2535 585 2582 lio-
608 2532 678 2593 quasi
696 2531 815 2580 columbas
829 2542 885 2579 eum
902 2526 987 2591 pullis.
1004 2528 1084 2591 Super
1098 2543 1140 2578 me

55 2603 584 2664 deviarinomnibuavirtutum,insinpuiis
608 2603 686 2650 nubes
696 2602 753 2650 sunt
763 2600 858 2660 Esaias,
874 2598 1002 2658 Ezechiel,
1018 2598 1061 2660 qui
1076 2599 1139 2647 milvi

55 2675 182 2737 plenitudo
193 2673 347 2732 cumuletur3
358 2672 393 2721 sir
405 2673 470 2720 enim
481 2674 585 2733 proban·
609 2682 654 2729 per
663 2669 796 2718 Cherubim
808 2670 833 2716 et
843 2668 972 2735 Seraphim
982 2667 1138 2717 sanctitatem

56 2748 91 2796 tur
106 2746 185 2804 boui,
204 2745 240 2793 sio
255 2742 391 2802 produutm
407 2741 506 2789 infirmi.
523 2744 584 2801 lirpo
608 2740 699 2787 divinae
707 2738 834 2787 'l'rtnitatis
841 2738 983 2789 ostendunt.
993 2738 1074 2786 Nubes
1081 2741 1138 2787 sunt

57 2815 113 2863 varii
123 2815 267 2863 animorum
276 2812 349 2861 aestus
359 2813 393 2858 ila
403 2822 489 2869 graves
496 2812 582 2871 eruut,
608 2820 692 2855 omnes
702 2807 828 2867 prophete
839 2819 846 2852 τ
860 2807 884 2853 in
896 2806 935 2853 lais
950 2806 1058 2854 nubibus
1069 2807 1139 2854 venit

56 2887 81 2933 ut
95 2885 248 2933 delictorum
262 2880 420 2929 multitudine
440 2881 504 2928 male
525 2892 584 2928 eon·
607 2877 725 2926 Christus.
738 2876 845 2923 venitin
857 2876 922 2923 nube
934 2874 959 2921 ln
968 2875 1073 2923 canticis
1080 2888 1138 2923 can·

57 2954 122 3012 veiis,
132 2950 308 3010 iuturijudicil
317 2950 397 3008 metu,
407 2949 469 2996 sacri
481 2949 506 2997 in
515 2949 584 2997 nobis
608 2946 725 3003 litorum,
737 2956 823 2992 serena
836 2945 918 3003 nulie,
929 2944 955 2990 et
966 2942 1052 3005 Sponsi
1061 2944 1138 2992 reinl-

58 3022 182 3072 vosioutis
196 3019 305 3078 arescat;
321 3018 375 3066 aret
385 3017 451 3064 enim
468 3017 583 3078 perfidia,
608 3027 667 3073 gens
689 3014 783 3063 laetitia.
808 3014 883 3060 Venit
905 3014 930 3059 et
948 3013 973 3059 in
996 3013 1064 3061 nube
1087 3014 1138 3060 levi

58 3091 114 3140 im
126 3090 204 3139 mni,
610 3082 746 3130 incantatus
757 3096 789 3129 ex
800 3082 915 3141 Virgine,
927 3081 990 3128 vidit
1003 3081 1070 3127 enim
1081 3082 1138 3126 Pro-

607 3151 682 3209 pheta
699 3151 763 3199 sicut
778 3149 870 3197 stubam
887 3148 972 3196 venire
985 3149 1015 3195 aiv
1032 3148 1137 3196 oriente.

59 3213 81 3252 t.
92 3215 128 3263 Β.
139 3216 173 3254 ²⁷·
187 3213 242 3252 nam
253 3212 345 3249 virtutes
357 3210 379 3248 ¹¹¹
393 3211 445 3249 “²¹⁰
458 3221 584 3249 commove·
609 3220 637 3266 Et
648 3220 711 3267 bene
721 3221 802 3268 levem
815 3218 906 3265 nubem
916 3216 995 3277 dixit,
1007 3228 1079 3278 quam
1088 3218 1138 3264 ter-

78 3264 389 3361 fflssuf‘fflbffl'ffl
400 3265 482 3302 mmm
493 3264 585 3301 '‘⁰³¹⁵''ss
609 3298 668 3333 rena
678 3288 739 3335 vitia
750 3295 799 3334 non
807 3284 946 3346 gravarent.
957 3284 1018 3331 Vide
1030 3285 1135 3345 nubem,

610 3357 634 3403 in
642 3368 715 3417 quarn
723 3356 829 3417 Spiritus
837 3355 1099 3416 sanctussuperreuit‚
1111 3357 1137 3404 et

86 3428 123 3477 sa.
140 3427 253 3475 i'ortasm
264 3423 468 3486 quemadmodum
485 3423 584 3470 Domini
609 3424 687 3471 virtus
695 3426 811 3472 ditissimi
823 3422 988 3471 obumbravit.

62 3497 212 3558 exspectatur
219 3494 354 3554 adventus;
362 3493 391 3540 ut
398 3493 584 3553 eiuspraesenlia
639 3490 678 3539 ti.
697 3493 756 3539 cnm
771 3504 828 3552 ergo
839 3490 981 3551 apparuerit
991 3489 1100 3539 christus
1111 3492 1137 3540 in

64 3567 188 3615 intototiat
198 3566 239 3613 vel
249 3563 473 3612 bominisorbevet
484 3562 584 3621 mundi,
610 3561 732 3617 nubibus,
755 3559 886 3608 concident
903 3571 930 3607 se
945 3558 1033 3606 Tribus
1048 3559 1135 3625 terrae5

63 3635 249 3696 quassatique
263 3634 291 3681 in
305 3632 421 3693 singulis,
437 3643 493 3679 cum
508 3631 585 3678 omni·
610 3631 647 3678 est
658 3629 724 3677 enim
734 3629 833 3690 quidam
843 3628 902 3676 ordo
911 3628 1057 3687 criminum,
1066 3628 1137 3675 etse⁴

64 3707 103 3752 ivus
109 3705 234 3754 aflectibus
245 3702 388 3761 receperint
397 3701 518 3749 christum
531 3714 537 3745 ε
549 3701 584 3749 sie
610 3700 658 3746 ries
667 3699 821 3758 peecatorum
830 3711 901 3758 ‚qum
909 3697 998 3745 Clvristi
1007 3694 1138 3753 dirimatur

65 3770 584 3833 eliamvirlniescoeiorumadventuliovnini
610 3770 727 3816 adventu.

149 3858 168 3887 a.
1005 3838 1018 3872 a
