2632 4784
378 383 628 431 EPISTOLARUM
642 386 780 432 cnissis
798 389 816 432 l.
1098 385 1142 436 lsi

60 460 132 511 venit
142 461 254 521 luxuria,
265 462 290 511 et
299 462 375 514 dicits
386 467 531 527 lteaportlo
547 479 590 528 es,
614 470 715 529 copitar,
725 472 861 532 strepentes
871 470 984 533 diripiunt
996 470 1060 520 11991.
1066 469 1146 520 Festi·

61 532 589 598 999199109999999991999999,
615 539 701 585 nautes
729 537 813 599 patres
838 550 928 600 arnum
955 539 1143 586 manducabunt.

60 599 112 647 iltis
123 602 148 648 te
166 602 221 661 cepi
237 601 366 662 epulorum
382 604 477 653 retibus
488 638 497 666 ‚
508 617 553 666 ero
564 606 589 654 te
616 604 712 652 Festina
728 607 766 654 est
777 606 851 667 tides,
862 606 950 655 alacris
959 606 1058 654 devotio
1067 640 1075 666 ,
1085 617 1142 666 spes

60 667 186 717 addictum
196 671 270 719 teneo
280 673 344 732 pule
358 674 408 722 tuae
418 674 589 736 chirographo.
615 670 720 733 impigra
739 687 747 721 c
767 675 972 723 contradictiones
995 676 1073 722 animi
1094 686 1144 722 nou

60 738 98 786 Au
108 738 205 798 ignoras
215 740 273 800 qnia
283 741 367 790 carius
377 739 425 791 tuit
439 755 531 791 menan
540 745 589 792 tnae
614 742 692 803 amat,
703 742 747 791 sed
759 743 938 791 traductionem
949 743 980 790 ab
990 743 1143 791 infructuoso

59 818 135 867 quam
146 808 205 856 vitae
214 808 340 868 pretium?
350 812 402 860 'luo
414 813 439 859 te
445 811 541 869 judicio
551 824 590 859 re·
614 810 663 858 otio
672 811 703 859 ad
713 810 820 859 trucium
831 810 1025 870 laborum.Quid
1040 809 1067 858 ln
1078 823 1145 859 cras·
1194 830 1198 839 ·

59 875 133 923 vinco
145 890 151 922 ε
164 890 239 938 nega,
251 878 273 927 si
283 880 369 941 potes,
381 881 424 929 sed
440 894 529 943 negare
539 894 588 930 non
613 879 693 926 tinum
718 878 820 928 diiiersi
844 882 915 927 Potes
937 880 964 928 et
994 878 1144 928 hodiernum
1189 911 1196 915 -

59 947 139 1004 potes.
152 947 262 1007 benique
284 950 347 997 nihil
363 950 394 998 ad
412 951 490 998 vitam
508 963 588 998 reser-
613 946 679 995 diem
695 948 804 1008 lucrari3
821 948 959 997 carendum
978 949 1016 997 cst
1030 947 1096 995 enim
1109 959 1143 997 ue

59 1014 138 1074 rasti,
157 1015 234 1063 totum
256 1017 287 1065 ad
308 1030 419 1067 mensam
434 1019 587 1079 expendisti.
613 1016 640 1063 et
656 1016 726 1064 illum
737 1029 785 1065 nou
796 1018 900 1075 teneas,
917 1018 942 1065 et
958 1017 1025 1065 buno
1035 1017 1142 1065 amittas.

58 1083 112 1129 lton
127 1086 207 1144 potest
222 1085 306 1134 dicere
318 1087 415 1135 adulter
427 1101 433 1132 =
443 1090 524 1136 Pontio
535 1102 586 1136 meo
612 1084 1066 1145 uonexnuumdeuimentunsstvu
1077 1085 1145 1134 boras

59 1154 188 1213 Dominus,-
206 1155 265 1214 quia
281 1156 352 1203 veuit
362 1156 453 1216 iibido,
469 1157 496 1204 et
506 1157 585 1205 dicit:
613 1155 686 1202 imius
696 1167 703 1200 a
715 1155 742 1202 et
757 1166 807 1203 una
822 1154 883 1202 hora
899 1155 975 1204 totius
991 1154 1049 1203 vitm
1062 1154 1145 1216 portio

58 1218 107 1277 Ego
118 1231 173 1265 sum
188 1219 235 1267 tibi
253 1221 347 1280 portio,
357 1222 420 1268 mibi
432 1223 457 1269 te
474 1221 501 1269 iu
520 1223 587 1271 illius
612 1225 658 1272 est.

58 1288 246 1338 adolescentuiae
254 1290 371 1340 addixisti
381 1304 474 1351 amore,
484 1293 511 1339 in
520 1293 587 1342 iliius
642 1292 681 1341 98.
692 1292 753 1342 Sunt
762 1295 883 1354 iuvenes,
900 1293 944 1356 qui
954 1292 1003 1343 cito
1014 1293 1101 1342 uolunt
1111 1291 1144 1341 ad

57 1356 130 1403 noete
137 1357 276 1406 meretricis
287 1358 313 1405 iu
323 1371 392 1406 meas
402 1361 483 1419 leges,
493 1360 520 1407 in
531 1373 586 1408 mea
612 1365 763 1413 senectutem
782 1365 932 1425 peruenire3
945 1379 977 1414 ue
996 1365 1142 1422 subluceant

58 1424 111 1485 iura
120 1426 586 1489 migrastilloudicilproditorcl‘ortio
612 1431 705 1481 diutius
721 1433 847 1481 seniorum
858 1434 978 1483 arbitrio:
992 1434 1049 1480 sunt
1067 1433 1143 1479 etiam

58 1496 240 1557 mentiristus3
248 1498 307 1558 quia
315 1498 398 1546 statim
409 1498 482 1547 irruit
494 1500 586 1547 insum
611 1513 696 1561 senes,
708 1501 750 1562 qui
763 1503 855 1564 velint,
867 1503 887 1550 si
898 1504 1003 1563 possint,
1014 1502 1045 1550 ad
1051 1501 1144 1560 juven-

58 1565 585 1629 9999919999,9191991999919,Ι)ο-
612 1571 690 1618 tutem
711 1572 802 1621 redire.
820 1573 929 1631 Quorum
949 1572 1059 1621 studium
1079 1583 1144 1618 neu·

57 1634 125 1681 mine
136 1634 287 1692 iesu,meus
298 1637 336 1683 est
345 1636 402 1684 iste.
611 1638 677 1685 trum
696 1642 788 1701 probo;
807 1641 865 1700 quia
887 1642 994 1699 juvenes
1022 1639 1144 1687 fastidiosi

87 1703 128 1750 99.
144 1703 267 1750 Habemus
283 1705 441 1765 exemplum,
455 1705 514 1766 qula
530 1717 585 1752 cum
611 1708 783 1767 presentium,
796 1708 865 1767 quasi
877 1709 966 1769 ingrati
977 1707 1142 1755 mutationem

57 1770 133 1818 iudas
144 1781 233 1828 panem
244 1770 363 1819 achristo
374 1773 524 1832 accepisset,
541 1773 587 1819 im·
612 1774 713 1820 virendi
729 1776 874 1835 requirunt,
891 1788 963 1824 senes
979 1774 1142 1832 dilationem,

58 1839 161 1887 misitne
173 1839 199 1886 iu
210 1850 251 1887 cor
260 1838 314 1896 eius
321 1839 442 1901 diabolus,
450 1840 519 1901 quasi
530 1854 588 1902 pos·
612 1853 668 1887 eum
676 1843 753 1901 possit
769 1844 796 1891 et
804 1842 923 1901 juventus
930 1855 1059 1892 senescere
1069 1843 1143 1889 morl-

57 1906 191 1957 sessionem
204 1920 275 1956 suam
285 1907 427 1970 vindicans,
442 1910 512 1970 quasi
529 1923 587 1970 por·
612 1908 698 1969 bus,et
708 1911 823 1959 senectus
833 1911 915 1960 virere
924 1911 1143 1972 operibusb'cquo

56 1975 132 2023 tionis
144 1988 193 2023 sum
206 1975 248 2034 ius
262 1975 388 2036 retinens,
399 1976 469 2037 quusi
481 1976 584 2025 dicensc
611 1976 678 2025 euim
686 1979 884 2028 emendationem
893 1992 988 2029 momrn
996 1980 1074 2038 magis
1082 1980 1142 2029 etas

57 2047 109 2093 Non
130 2049 168 2094 est
182 2047 241 2094 tuus
259 2046 322 2106 iste,
337 2047 382 2095 sed
397 2060 468 2095 meus
487 2061 494 2094 ε
514 2060 586 2095 meus
611 2047 697 2107 atiert,
714 2061 787 2108 quam
808 2049 946 2110 disciplina.
966 2050 1062 2107 Quanto
1082 2060 1141 2108 ergo

58 2117 125 2165 certe
146 2117 274 2176 minister,
295 2118 354 2166 tuus
374 2117 498 2180 proditor3
516 2130 587 2166 mens
611 2115 748 2175 magisnec
767 2120 862 2177 oportet
884 2131 953 2178 spem
969 2118 1089 2165 adtollere
1107 2116 1140 2164 ad

57 2187 130 2246 piane
148 2186 194 2234 iste
209 2187 255 2234 est.
264 2187 377 2247 Denique
395 2188 478 2235 tecum
488 2199 587 2234 recum·
611 2195 715 2242 reguum
731 2186 792 2245 Dei,
817 2187 859 2233 ubi
881 2187 939 2234 vitm
963 2187 1074 2244 novitas,
1095 2183 1140 2232 ubi

58 2255 112 2315 bit,
130 2255 233 2303 etmihi
248 2255 326 2303 servit
336 2267 344 2301 a
356 2256 439 2303 tecum
455 2255 585 2315 epulatur,
611 2252 750 2312 gratiaeerit
759 2265 808 2299 nou
819 2253 1080 2303 aetatiscommuiotioi

57 2325 84 2372 et
94 2337 191 2373 mecum
206 2325 316 2386 pasoitur
331 2337 338 2370 ε
350 2336 364 2372 a
374 2324 399 2372 te
410 2336 501 2384 panem
515 2336 587 2372 acce·
616 2332 621 2344 ¹
641 2320 681 2368 99.
692 2323 744 2368 Nou
757 2321 821 2381 otio,
832 2335 882 2369 nou
893 2334 978 2370 somno
989 2335 1084 2370 merces
1095 2335 1142 2383 pa·

57 2394 133 2455 pit‚a
151 2405 191 2441 me
201 2392 332 2454 pecuniam
347 2405 355 2439 c
371 2392 453 2440 mcum
470 2391 550 2452 bibit,
561 2394 586 2440 et
611 2390 687 2436 ratur.
709 2390 807 2438 Nullum
832 2403 894 2451 opus
920 2391 1065 2439 dormientis
1085 2393 1140 2452 est,

56 2461 119 2509 mibi
129 2461 199 2509 tuum
215 2460 358 2520 sauguinem
370 2460 491 2509 vendidit.
507 2462 586 2519 Quam
611 2457 694 2506 uultus
702 2458 795 2506 tructus
803 2458 943 2507 otiizimmo
953 2459 1029 2520 magis
1041 2459 1141 2519 dispen-

57 2543 116 2580 vera
127 2530 235 2587 diceret,
246 2528 369 2587 probarit.
380 2528 493 2589 Denique
505 2530 587 2577 cirris·
611 2525 689 2575 dium.
713 2526 810 2574 otiosus
829 2529 892 2574 Esau
918 2526 1001 2574 amisit
1020 2528 1140 2587 primatus

57 2602 99 2648 tus
114 2598 218 2645 recessit
231 2597 263 2643 ab
278 2609 322 2656 eo,
334 2597 388 2657 ipse
404 2610 501 2658 quoque
512 2599 586 2648 iudas
610 2592 803 2652 henedictionis3
813 2595 870 2653 quia
881 2594 969 2640 maluit
980 2594 1062 2641 eibum
1074 2595 1142 2641 acci·

57 2667 158 2727 reliquit
168 2666 266 2725 iesum,
280 2666 399 2725 sequutus
409 2666 543 2714 diabolum.
610 2675 670 2722 pere
679 2696 686 2723 ‚
696 2676 770 2724 quam
781 2675 900 2723 querere.
913 2662 1056 2710 laboriosus
1064 2663 1140 2710 Jacob

86 2737 126 2785 96.
135 2736 212 2793 Quam
223 2735 313 2782 multos
323 2734 435 2783 dominos
447 2736 532 2797 babet,
541 2737 585 2798 qui
610 2733 676 2792 apud
691 2733 822 2794 utrumque
834 2733 961 2793 parentem
972 2730 1069 2780 invenit
1083 2744 1140 2794 gra·

57 2817 134 2852 uuum
145 2802 276 2863 retugeritl
286 2803 334 2850 Sed
350 2815 394 2852 uos
410 2816 458 2852 uon
476 2806 586 2866 retugia·
610 2802 679 2851 tiam.

58 2873 188 2930 mus.Quis
202 2870 309 2930 refugiat
320 2884 376 2918 eum
387 2884 461 2932 quern
477 2887 584 2933 sequun-
640 2872 693 2921 loo.
712 2874 742 2921 et
762 2875 847 2924 lamen
867 2884 922 2921 cum
943 2871 1056 2932 superior
1073 2875 1139 2923 esset

58 2940 585 3001 turaiiigatiuinculis,sedvincuiisvolun·
607 2939 682 2989 iacob
700 2943 792 2990 virtute
811 2943 836 2990 ct
855 2940 1036 3001 matinensis
1056 2940 1139 2990 tratris

57 3013 134 3072 latiis,
140 3023 194 3071 que
204 3011 311 3070 solvunt,
318 3023 366 3058 nou
377 3012 584 3072 alligant,quibus
608 3009 830 3071 indignationi,qui
839 3012 887 3059 sibi
896 3010 1024 3070 prelatum
1037 3009 1137 3058 tratrem

56 3079 584 3137 vinctiviucuilsglorianturdicentesci’ou-
607 3078 728 3134 iuniorem
746 3079 853 3126 dolebat.
870 3080 927 3124 ideo
944 3079 1113 3137 scriptumest
1130 3095 1138 3127 a

57 3154 92 3199 lus
109 3152 199 3197 uinctus
213 3150 268 3195 lesu
286 3147 390 3202 cuncti,
406 3148 428 3193 et
440 3149 583 3196 limovicas.
607 3148 668 3192 Dotc
680 3148 754 3192 locum
771 3148 831 3204 iroe,·
842 3158 874 3191 ue
885 3145 988 3191 atterius
998 3144 1139 3204 indignatio

56 3215 189 3265 Gloriosius
209 3213 240 3260 ab
265 3213 312 3260 boc
330 3212 489 3272 stringimur,
510 3226 583 3274 quiam
608 3212 775 3273 tsquoquein
787 3211 1139 3272 peccatumtrahat,dumr1s

56 3286 112 3334 aliis
132 3281 281 3330 absolvimur
302 3279 329 3328 et
351 3279 502 3328 relaxamur.·
523 3281 584 3338 Quis
607 3281 738 3339 resistere,
755 3280 813 3328 dum
829 3281 868 3328 vis
883 3277 1014 3328 vindicari.
1027 3281 1097 3327 Potes
1112 3284 1139 3330 et

57 3355 133 3414 igitur
144 3350 221 3410 tugiat
237 3346 341 3407 pacem!
355 3346 410 3407 quis
426 3345 503 3406 fugiat
518 3349 583 3395 salu·
608 3346 691 3394 abillo
703 3349 730 3395 et
743 3359 758 3394 n
769 3348 793 3396 te
804 3359 932 3395 removere
944 3347 1087 3407 culpam‚si
1096 3361 1139 3396 ce·

56 3421 123 3472 tenni
136 3421 191 3481 quis
209 3418 285 3476 iugiat
300 3415 509 3463 misericordiam?
527 3419 583 3480 quis
608 3415 715 3463 dendum
736 3419 815 3477 putes.
835 3416 935 3463 imitare
953 3416 1138 3478 patriarcham,
1157 3463 1159 3478 ,

57 3492 132 3552 lugiet
145 3483 339 3536 redemtionem?
607 3485 649 3544 qui
662 3486 691 3532 de
703 3487 803 3533 consitio
812 3485 896 3532 matris
907 3485 1040 3545 longinqua
1054 3488 1136 3545 petiit.

86 3560 125 3608 91.
138 3556 250 3615 Videtis,
267 3553 326 3610 919,
339 3551 425 3613 quales
441 3551 582 3615 eraserint,
608 3556 637 3601 ut
647 3556 718 3614 cujus
730 3553 829 3602 matris?
840 3555 958 3601 ilebeccae
972 3555 1078 3615 utique,
1089 3555 1137 3604 hoc

57 3630 99 3690 qul
110 3629 162 3674 baec
181 3623 280 3684 sequuti
296 3622 369 3680 sunt,
384 3621 506 3681 quomodo
523 3634 583 3681 ope-
607 3623 657 3681 est‚
669 3623 803 3682 patientias.
816 3623 890 3681 Cujus
900 3623 968 3670 enim
978 3622 1026 3669 uisi
1039 3624 1137 3683 patieu-

56 3698 141 3746 rentur
151 3691 388 3750 detunctiiQuarum
400 3690 519 3739 virtutum
530 3692 583 3739 iau·
607 3691 648 3738 tiae
660 3690 705 3738 boc
713 3690 842 3738 consilium
853 3701 906 3737 esso
915 3689 1135 3750 poteratismabot

56 3769 112 3815 dem
128 3765 259 3822 miramur,
278 3773 361 3808 earum
379 3759 583 3808 studeamusadi-
608 3760 686 3808 mater
703 3759 799 3817 tilium3
818 3758 907 3805 maluit
922 3759 989 3807 enim
1009 3759 1057 3807 sibi
1077 3772 1136 3807 eum

56 3835 117 3897 pisci
135 3833 278 3879 industriam
290 3844 297 3877 c
309 3830 336 3877 et
346 3841 406 3890 quas
421 3829 583 3888 predicamus
607 3829 721 3877 exsulare
733 3840 807 3888 quam
817 3828 880 3874 Deo.
891 3828 921 3875 Et
931 3827 988 3875 ideo
1003 3827 1060 3888 quia
1071 3828 1136 3876 bons

56 3908 82 3953 ln
94 3901 163 3958 aliis,
174 3911 215 3946 cas
229 3900 254 3945 in
265 3899 335 3947 uobis
345 3897 413 3946 taciti
425 3909 582 3957 recognosca-
607 3898 700 3958 mater,
717 3898 816 3958 utrique
827 3896 934 3956 detulit,
949 3897 1042 3956 iuniori
1053 3895 1151 3946 tamcn'

55 3969 191 4022 musliibil
200 3968 366 4025 molliculum,
376 3965 441 4013 uibit
450 3965 581 4013 intractum
607 3966 657 4013 ilio
674 3965 890 4022 benedictionem,
902 3978 974 4024 quarn
990 3956 1134 4012 conseriaro

54 4041 87 4091 ad
99 4035 196 4086 taudem
207 4036 319 4097 peruenit
331 4048 337 4080 a
348 4038 452 4096 nonnum
470 4035 581 4083 cetorum
606 4032 716 4094 poterat,
730 4032 812 4093 dedit,
825 4043 874 4079 uon
892 4031 958 4079 enim
974 4031 1052 4142 fflissm
1067 4030 1134 4094 titio,
