2632 4784
128 294 176 351 ³2⁸0
527 296 646 349 SANC'H
660 296 821 347 amenesii

126 384 174 435 liei
184 384 288 446 libum,
298 384 324 433 et
333 388 420 434 rerum
427 382 522 443 Deum,
533 385 559 432 et
566 385 656 431 bouum
679 381 758 440 tores,
767 382 795 429 et
807 376 933 428 :summ
941 375 1076 437 veritatis,
1086 375 1152 427 datis
1159 375 1211 439 apl·

128 455 223 514 Deum,
243 455 269 502 et
279 453 432 513 sapientem,
444 454 469 500 et
480 454 619 512 potentem,
630 452 657 499 ct
679 448 893 498 eibusclsmeatias
901 446 1030 496 vestraead
1038 447 1137 505 iudicia
1147 460 1210 495 cona-

127 519 657 569 immortalitatembabentcmvolueruutla·
679 520 802 578 petentia,
828 518 861 564 ab
878 517 996 564 licclesim
1017 516 1140 563 arcendos
1159 529 1210 563 evm

127 590 184 638 teri.
196 591 284 637 llultas
292 591 363 637 boras
371 588 459 635 frustra
468 588 655 636 consumsimus.
678 588 819 646 liminibus,
830 587 856 633 et
866 587 896 635 ut
908 586 1122 633 indemnatorum
1134 585 1208 633 locum

126 657 255 705 crescebat
266 657 363 704 illorum
373 655 556 716 impietas,aec
565 654 654 715 corripi
678 668 723 715 per
744 658 832 702 nostrae
856 653 986 714 parvitatis
1011 653 1111 714 legatos
1135 654 1207 701 enee

126 726 178 773 ullo
193 727 289 785 poterat
300 723 381 772 modo.
677 725 839 784 subropsntm
848 722 996 772 sacerdotes.

156 793 180 841 d.
203 794 314 853 Denique
334 804 390 839 cum
411 791 525 852 viderent
544 803 572 839 sc
590 791 654 839 Arrii
707 794 731 842 9.
750 793 859 841 Attalum
872 803 971 853 quoque
988 789 1165 851 presbyterum
1178 790 1206 839 de

126 861 237 922 epistolar
256 861 391 921 sacrilegiis
407 859 535 920 perurgeri
553 858 562 921 (
580 872 653 920 quam
676 861 878 923 prevaricatione
894 859 1052 918 contessum,
1068 861 1095 907 et
1110 858 1205 907 Palladii

126 930 183 978 ideo
199 930 365 988 subdidimus,
382 931 410 976 ut
421 941 475 975 eam
487 928 561 975 etiam
572 932 653 976 vestra
676 930 811 991 sacrilegiis
820 929 998 987 miserentem,
1012 928 1104 989 parilis
1113 932 1205 977 sentm

126 999 258 1047 clementia
269 998 468 1057 perhorresceret
479 996 504 1057 ),
515 997 653 1045 resilientes
676 998 910 1058 tiacomprebendit.
918 997 1047 1057 Numquid
1056 997 1088 1046 de
1095 998 1204 1057 misum

125 1067 157 1115 de
171 1067 252 1115 media
269 1065 378 1125 epistolae
395 1065 517 1122 lectione,
528 1065 653 1124 petierunt
676 1067 730 1126 elus
740 1068 837 1115 loliano
846 1066 952 1115 Valente
960 1064 1203 1127 dicamustquicsm

126 1140 155 1185 ut
174 1150 259 1184 eorum
283 1135 414 1196 propositis
440 1135 651 1194 responderemus.
675 1139 741 1184 esset
750 1137 892 1197 proximus,
908 1134 1049 1183 declinarit
1058 1135 1202 1183 sacerdotale

125 1206 275 1266 Quamquam
296 1216 345 1252 non
370 1203 435 1251 esset
454 1204 546 1251 ordinis
572 1218 652 1265 neque
675 1204 868 1263 consiliumne
882 1202 1202 1263 erersaepatrlss,prodito·

125 1274 241 1334 salionis,
262 1271 289 1320 ut
314 1272 439 1333 proposita
459 1271 653 1332 interrumpere·
674 1286 779 1334 mmque
789 1274 882 1321 civium
893 1276 1013 1333 prestare
1029 1285 1119 1321 cauam
1128 1285 1201 1321 sacer·

125 1354 195 1403 mus3
215 1350 406 1402 responsumque
425 1343 520 1388 esseta
537 1343 607 1389 nobis
625 1345 652 1391 ut
674 1341 772 1390 dotibus
783 1340 979 1401 repertionem
990 1340 1068 1389 etiam
1080 1343 1200 1403 torquem

125 1412 274 1460 damnarent
283 1412 346 1458 Arrii
356 1409 509 1470 impietates,
520 1412 545 1458 et
556 1411 586 1457 de
596 1413 653 1472 qui·
674 1411 703 1456 ut
711 1411 847 1469 adseritur,
854 1411 880 1457 et
888 1408 1033 1469 brachiale,
1042 1410 1143 1471 potuim
1154 1422 1201 1469 pro·

126 1479 174 1527 bus
184 1481 291 1538 vellent,
308 1479 409 1538 ordine,
428 1480 527 1538 locoque
541 1483 651 1540 servato,
675 1476 771 1525 lanatus
781 1477 922 1537 impietate,
933 1488 1003 1525 more
1017 1476 1121 1526 indutus
1129 1479 1200 1536 uenti·

126 1561 211 1595 eorum
229 1547 409 1596 intentionibus
423 1547 624 1606 responderemus
643 1563 649 1595 a
675 1545 749 1603 lium,
761 1558 834 1594 ausus
845 1546 878 1594 sit
892 1545 1069 1606 inconspectu
1083 1551 1200 1595 exercltm

124 1616 208 1663 umen
218 1616 391 1677 adquievimus
401 1618 555 1675 praeposterae
565 1617 651 1664 volun·
674 1614 771 1674 prodire
780 1615 882 1661 liomani
901 1627 910 1659 τ
928 1614 995 1675 quod
1006 1613 1061 1661 sine
1072 1615 1148 1663 dubio
1156 1628 1199 1662 aon

124 1684 179 1732 tati.
188 1686 284 1731 lbltum
294 1683 419 1744 Evangelii
431 1683 650 1744 scriptaialsantes,
673 1682 752 1730 solum
775 1684 801 1730 in
818 1682 944 1731 sacerdote
961 1681 1140 1744 sacrilegium,
1160 1684 1198 1731 sed

124 1752 383 1812 preposueruntnobls
399 1751 491 1800 dixisse
504 1753 649 1801 Dominum:
673 1750 749 1799 eliam
770 1752 796 1800 in
818 1764 975 1812 quocumque
997 1752 1135 1802 christiano
1153 1754 1198 1811 est;

124 1822 171 1880 Qui
195 1834 235 1867 me
260 1821 343 1880 misit,
365 1819 442 1877 major
462 1831 501 1867 me
522 1823 574 1880 est;
594 1835 650 1869 cum
674 1820 766 1867 etenim
785 1821 900 1868 abborret
914 1833 928 1867 a
940 1831 1009 1867 lliol'e
1023 1821 1198 1869 Romaneltisi

124 1890 324 1951 aliterscrlplum
341 1889 427 1937 doceat
442 1889 520 1937 series
540 1889 650 1951 Scriptu-
674 1886 736 1935 loris
755 1888 790 1936 sic
810 1888 890 1936 solent
906 1887 1046 1937 idololatras
1067 1888 1198 1938 sacemlotes

124 1972 215 2007 rarum.
672 1956 771 2017 prodire
781 1957 926 2004 Gothorum.

154 2029 178 2075 7.
190 2029 320 2090 liodsrguli
332 2027 363 2076 de
375 2028 480 2077 falsitate
490 2027 563 2088 sunt,
575 2030 604 2076 ut
613 2026 651 2077 la·
704 2025 742 2072 lt).
760 2027 857 2074 lloveat
866 2026 986 2087 pietatem
996 2027 1107 2075 vestram
1123 2039 1197 2076 sacer·

123 2098 250 2157 terentum,
267 2111 313 2145 nec
331 2100 413 2145 tamen
431 2098 525 2145 ratione
536 2098 648 2146 correcti.
672 2092 753 2141 dotale
769 2108 872 2153 nomen,
889 2094 954 2155 quod
967 2094 1010 2143 ille
1020 2095 1197 2159 sacrilegvssin-

123 2167 183 2213 llam
202 2178 256 2213 cum
275 2166 413 2213 diceremus
423 2166 557 2213 secundum
569 2168 649 2214 carnis
672 2162 748 2209 iamai
759 2176 766 2210 ι
778 2163 822 2225 qut
838 2164 913 2211 etiam
929 2176 1031 2212 suorum
1047 2166 1162 2225 vocibus,
1178 2166 1197 2214 si

122 2236 302 2293 susceptionem
309 2234 428 2280 minorem
436 2235 652 2283 Patresnol‘ilium
671 2230 714 2291 qui
728 2233 810 2280 tameu
824 2245 952 2293 superesse
968 2232 1089 2294 possunt,
1103 2234 1196 2283 ucisadl

122 2302 187 2361 diei,
198 2304 331 2351 secundum
344 2303 498 2350 divinitatem
510 2305 591 2351 autem
603 2318 647 2364 pro
671 2302 772 2349 sceleris
781 2302 900 2362 arquitur.
911 2301 982 2351 Certo
993 2298 1097 2350 domum
1108 2305 1198 2364 repetat

122 2370 270 2418 testimoniis
283 2370 462 2430 Scripturarum
480 2383 565 2431 parem
583 2374 645 2420 l‘alri
671 2382 753 2428 suain,
778 2382 827 2417 non
849 2366 1001 2419 contaminet
1022 2371 1196 2420 florentissima

121 2441 148 2488 et
158 2440 276 2500 aequalem
288 2439 399 2499 probari,
411 2452 457 2487 nec
466 2451 536 2499 pesse
547 2441 581 2487 ibi
593 2454 646 2490 esso
670 2437 748 2486 lello
759 2438 884 2500 civitates,
893 2440 936 2501 qui
947 2452 1014 2488 nuuc
1027 2440 1126 2490 illicitis
1135 2441 1195 2488 ordi·

121 2508 494 2569 discretionisgradusalicujus,
506 2512 647 2569 autmagni·
670 2509 812 2556 nationibus
831 2509 970 2557 consimiles
990 2510 1030 2558 sui
1048 2510 1127 2559 sociat
1139 2510 1195 2563 sibi,

119 2578 221 2636 tudinis,
233 2577 347 2625 ublesset
357 2577 438 2624 unitas
449 2578 588 2637 potestatis3
598 2592 645 2627 non
671 2577 696 2622 et
711 2578 871 2625 seminarium
888 2579 977 2637 quant
993 2591 1048 2625 suae
1065 2578 1197 2639 impietatis

119 2649 197 2698 sotum
207 2647 382 2694 illinoluerunt
390 2646 644 2709 emendareerrorem,
669 2646 743 2705 alque
754 2647 861 2706 perlidiae
870 2659 915 2708 per
923 2660 1033 2707 quosque
1042 2648 1196 2708 perditosde·

119 2717 164 2766 sed
180 2717 254 2763 eliam
265 2717 389 2763 vesaniam
400 2728 490 2774 augere
502 2720 644 2779 eruperunt,
669 2715 823 2779 relinquere3
834 2716 878 2779 qui
886 2718 1019 2778 episcopus
1027 2730 1082 2764 esse
1094 2731 1141 2765 aec
1150 2728 1196 2763 coe·

119 2787 147 2836 ut
158 2788 184 2833 et
193 2784 329 2841 subiectum
340 2784 475 2831 secundum
490 2784 644 2834 divinitatem
668 2784 714 2843 pit.
726 2787 785 2832 llam
797 2786 876 2845 primo
887 2787 1020 2834 Patavioae
1031 2787 1195 2847 superpositus

118 2854 230 2902 dicerent
241 2853 341 2910 Filium,
359 2852 427 2911 quasi
439 2851 488 2897 ulla
503 2853 548 2899 liei
559 2866 644 2901 secun·
669 2854 748 2902 lucrat
763 2856 846 2903 sancto
864 2856 917 2903 viro
932 2857 1027 2914 blanco,
1047 2856 1194 2903 admirabilis

117 2923 177 2971 dum
192 2920 346 2966 divinitatem
364 2920 390 2965 et
405 2919 556 2976 maiestatem
575 2934 643 2969 suam
667 2927 792 2973 memorie
801 2926 922 2973 sacerdoti
943 2939 950 2972 ε
971 2924 1015 2972 sed
1037 2928 1193 2987 posteaquam

118 2988 194 3050 possit
205 2999 257 3034 esse
271 2985 400 3045 subjectio.
420 2987 522 3034 llorlem
534 2989 640 3051 denique
667 2993 809 3042 ‹leiormiler
828 2995 939 3054 deiectus
957 3007 971 3042 a
989 2994 1065 3054 plebe
1084 2999 1138 3051 cst,
1154 2995 1193 3056 qui

116 3058 172 3116 eius
181 3068 229 3103 non
244 3056 274 3104 ad
285 3056 465 3103 sacramentum
477 3059 565 3106 nostras
576 3061 643 3105 salu·
666 3062 797 3111 patavione
808 3076 861 3111 esse
872 3077 921 3112 non
932 3062 1027 3124 potuit,
1041 3061 1063 3110 is
1071 3077 1138 3112 nunc
1149 3064 1192 3111 lle·

115 3127 166 3186 tls,
185 3127 228 3174 sed
243 3126 273 3173 ad
283 3125 450 3173 infirmitatem
460 3127 592 3187 quamdam
603 3129 642 3177 di·
665 3131 756 3179 diolani
775 3135 829 3193 post
839 3134 992 3181 eversionem
1008 3133 1115 3193 patriae,
1130 3132 1192 3182 dica·

115 3196 227 3247 vinitatis
236 3196 357 3244 referunt.
665 3201 1071 3263 musproditionem,inequitavit.

145 3266 169 3314 8.
184 3267 329 3323 llorremus,
349 3265 532 3314 clementissimi
544 3267 641 3316 Princi-
694 3271 733 3318 ll.
745 3271 823 3330 Super
831 3272 943 3319 omnibus
954 3283 1012 3331 erga
1024 3271 1106 3332 pietas
1115 3273 1192 3319 vestra

115 3348 172 3397 pes,
198 3337 247 3381 tam
269 3334 322 3381 dira
344 3335 485 3393 sacrilegia,
504 3349 639 3398 pravosque
663 3340 732 3386 nobis
740 3340 868 3387 consulere
876 3341 1191 3400 dignetunnenosobtem·

114 3405 240 3452 doctores:
250 3404 312 3449 etne
318 3403 423 3449 ulterius
430 3405 532 3462 populos
541 3405 640 3466 decipe·
662 3411 777 3469 perantes
788 3410 875 3457 veslrce
885 3409 1072 3470 tranquillitatis
1083 3410 1190 3468 statutis,

113 3472 170 3520 reat
180 3483 240 3530 quos
252 3470 381 3530 tenebant,
392 3472 527 3520 sacerdotio
540 3475 639 3534 putavi·
662 3478 750 3525 trustra
768 3479 911 3525 convenisse
929 3478 1070 3525 videamur.
1090 3479 1142 3525 Noa
1156 3490 1191 3525 so·

113 3553 168 3588 mus
187 3538 347 3597 abdicandos3
371 3541 486 3600 quoniam
502 3544 594 3591 subditi
610 3546 639 3592 li·
662 3546 713 3594 lum
728 3547 795 3593 enim
810 3546 947 3594 cavendum
968 3544 1019 3605 est,
1040 3558 1073 3593 ne
1096 3548 1190 3606 nostra,

113 3610 174 3657 belli
185 3609 353 3667 impietatibus
364 3611 533 3659 concinebant.
554 3615 637 3674 licque
661 3615 705 3662 sed
721 3615 797 3662 etiarn
813 3616 895 3662 vestra
911 3614 1011 3661 decreta
1030 3614 1189 3663 infamentur.

112 3676 180 3728 euim
198 3679 297 3739 dignum
314 3682 351 3727 est
362 3681 389 3728 ut
404 3680 458 3738 ejus
474 3683 637 3732 sacerdolium
661 3681 768 3731 Petimus
779 3682 1189 3744 igiturutlegatostloneilii,sanc·

110 3748 159 3797 sibi
167 3748 301 3807 vindicent,
309 3760 381 3807 quem
390 3751 517 3808 negarunt.
527 3751 636 3799 Vestram
661 3755 697 3800 tos
708 3753 774 3800 viros
784 3764 854 3813 reque
865 3752 998 3800 clementia
1008 3755 1094 3801 vestra
1106 3755 1189 3803 audire

111 3819 198 3876 sidem,
217 3820 323 3865 vestram
342 3817 442 3876 gloriam
462 3816 636 3881 deprecamur,
660 3822 788 3881 dignetur,
805 3822 830 3869 et
846 3833 901 3868 cum
916 3820 1009 3869 ellectu
1028 3836 1117 3871 eorum
1137 3837 1190 3886 quae

111 3890 139 3935 ut
149 3887 312 3934 reverentiam
326 3886 507 3946 imperiivestri
519 3887 636 3939 deieratis
659 3891 795 3953 poscimus,
811 3889 933 3940 maturius
948 3891 1033 3941 redire
1050 3895 1191 3955 praecipiam

110 3956 217 4012 auctori,
229 3954 395 4014 censeatisque
409 3954 542 4016 impietatis
552 3959 636 4009 adser·
659 3962 687 4012 ut
697 3961 836 4011 mercedem
850 3962 1004 4024 recipiatlsa
1020 3964 1130 4017 Domino
1141 3967 1189 4015 lies
