2632 4784
118 323 169 376 5²8
475 352 480 359 ·
514 324 633 369 suncti
648 323 808 370 AMBROSii

118 409 177 468 qula
197 419 255 458 com
270 407 391 457 munditia
409 405 517 466 corporis
536 404 649 467 congruit
674 406 767 454 tautum
781 405 933 467 iubeantne.
944 406 1043 463 brutior
1056 410 1140 456 autern
1151 410 1210 465 erit,

119 476 296 536 etiannpuritaa
306 473 481 535 simplicitatis.
672 475 734 521 siric
747 476 914 534 permanserit,
924 475 1049 524 xenoduna
1059 489 1142 523 mam
1153 490 1208 522 corr·

149 545 190 591 57.
210 544 260 593 Nec
280 545 360 605 potest
386 542 499 591 dubitare
517 541 648 602 quiequam
671 542 830 603 citium-puto
846 544 958 602 enimet
975 545 1147 605 rpospirituao
1161 547 1207 593 ber·

118 613 184 672 quod
192 613 299 661 Ecclesia
308 613 377 672 virgo
385 612 431 670 sit,
449 622 522 672 quam
534 609 610 657 etiarn
621 610 647 657 in
672 609 814 658 babeoiloe
833 611 869 658 est
888 609 1020 658 eonsilium
1035 610 1084 658 liei
1096 611 1206 670 babere,

118 680 250 728 corinthiis
264 681 395 741 despondit
410 679 646 740 apostolusi’anius,
671 679 800 737 explorare
820 679 954 739 diligenter
977 678 1081 740 omnia,
1105 680 1132 727 et
1150 693 1207 740 qum

118 748 241 810 virginem
256 750 348 798 castam
363 749 491 808 eminuere
503 748 606 795 cbristo.
618 749 646 794 tn
671 746 772 794 meliora
794 749 867 808 snut,
883 748 1004 809 euadere3
1020 761 1078 810 qum
1099 747 1205 807 tutiora,

118 817 244 878 superiore
256 819 331 878 igitur
340 819 442 878 epistola
453 816 496 864 dat
506 817 646 876 eonsilium,
670 813 845 865 demonstrare.

119 889 145 936 et
152 888 279 937 existimet
287 889 377 937 benum
386 900 439 936 esse
446 900 536 936 munus
544 887 646 947 virgini·
699 881 739 932 io.
750 886 868 934 Providus
883 886 971 936 ductor
986 886 1080 936 multas
1093 887 1204 937 ostendit

118 956 190 1014 tatis3
200 957 227 1003 ut
235 956 431 1005 nullisinstnntis
441 957 525 1004 emonii
533 956 647 1005 turbetur
670 952 737 1014 vias,
747 955 776 1003 ut
785 962 838 1016 qud
851 957 905 1004 vult
924 958 1110 1017 unusquisque,
1128 968 1204 1017 quam

118 1025 317 1086 necessitatibus,
325 1028 393 1074 nulla
404 1026 491 1074 illuvie
502 1026 647 1087 coinquine-
669 1021 717 1069 albi
733 1024 914 1073 accommodam
923 1024 1077 1085 arbitratur,
1088 1024 1203 1085 incedat,

118 1094 646 1156 tur,nnltisexagitetnrprocelliaainpos·
669 1091 800 1140 dummodo
809 1097 932 1155 occurrat,
941 1095 1203 1155 quoposaitincaelrir

118 1162 210 1210 teriore
221 1176 323 1224 sponsor
333 1165 372 1213 est
379 1164 483 1224 christo,
493 1163 560 1224 quod
571 1163 647 1223 virgi-
669 1161 832 1221 protendere.
846 1163 913 1210 Bona
931 1162 1083 1223 virginitatis
1092 1163 1149 1222 ria,
1159 1162 1202 1212 sed

118 1229 221 1279 nitatem
238 1234 354 1283 Ecclesia
371 1235 397 1282 ln
413 1233 482 1282 illios
495 1232 575 1293 plebia
589 1245 647 1281 eon·
669 1229 784 1278 sublimis
801 1232 827 1279 et
841 1232 918 1280 ardua
936 1231 1071 1281 validiores
1084 1232 1199 1293 requirit.

118 1300 214 1360 signare
227 1303 303 1362 possit
311 1303 462 1363 integritate.
670 1299 735 1347 bona
745 1300 821 1349 etiam
831 1301 1032 1361 viduitalis,non
1041 1302 1093 1349 tam
1108 1301 1199 1350 diffici-

147 1370 187 1416 58.
197 1371 326 1431 Responde
337 1372 398 1419 mihi
410 1371 645 1432 nune,i²aule‚qua
670 1367 717 1428 lis,
735 1368 764 1416 ut
784 1369 897 1429 superior
916 1382 923 1417 ε
946 1369 991 1419 sed
1011 1369 1159 1431 confragosa
1176 1370 1201 1418 el

118 1438 212 1487 ratione
224 1443 323 1499 propter
332 1441 464 1488 instantem
473 1441 646 1488 necessitatem
669 1448 755 1496 nepem
765 1440 886 1487 cautiores
893 1437 981 1499 exigit.
988 1439 1057 1487 Boua
1064 1440 1144 1488 etiam
1152 1451 1201 1486 ma·

118 1503 161 1552 des
170 1507 315 1553 consiliunt
324 1508 444 1566 Quoniam
455 1510 497 1568 qui
511 1510 561 1556 rinc
570 1520 645 1555 accon
670 1505 778 1554 trirnonil
788 1540 796 1567 ,
807 1508 878 1567 plana
889 1508 916 1555 et
927 1507 1022 1555 directa
1032 1507 1145 1568 longiore
1155 1508 1200 1554 eir·

117 1576 164 1631 eat,
185 1576 310 1634 sollicitor,
320 1576 417 1636 lnquit,
435 1578 469 1625 est
486 1589 538 1637 pace
548 1579 646 1625 Domini
670 1575 738 1623 cuitu
749 1576 780 1623 ad
789 1579 867 1625 casua
881 1578 1021 1626 sanctornm
1031 1575 1161 1637 peruenit,
1171 1588 1200 1625 ea

117 1645 184 1701 mart,
192 1646 306 1705 quomodo
319 1646 411 1706 piocrot
421 1648 479 1694 Deo.
491 1645 521 1693 et
531 1644 645 1694 addidit:
669 1644 789 1702 plurimos
799 1645 899 1705 recipit.
909 1645 971 1692 Sunt
981 1656 1040 1704 ergo
1051 1645 1200 1706 virginitatit

118 1715 151 1762 b't
168 1716 251 1763 mulier
265 1717 401 1777 inrupturi
415 1718 481 1777 virae
498 1719 584 1777 contet
594 1731 646 1778 qun
669 1713 786 1773 promta,
810 1716 868 1762 sunt
891 1713 979 1761 merita
997 1714 1147 1773 uiduitatis,
1163 1713 1200 1761 est

117 1786 171 1831 sant
178 1786 286 1845 Βοιιιίηὶς
296 1787 322 1834 at
331 1788 361 1834 tit
372 1789 454 1834 concta
464 1798 558 1846 corpore
566 1789 646 1848 etapi-
669 1779 744 1827 etiam
755 1781 875 1843 coniugali
885 1781 1013 1843 pudicitiae
1020 1782 1102 1830 locus.
1109 1782 1200 1829 Gradus

117 1854 175 1900 rito.
187 1853 266 1901 tiabat
275 1854 351 1914 igitur
361 1865 458 1902 murrum
473 1867 546 1902 snum
558 1854 646 1903 adver·
669 1850 821 1910 simularem
833 1852 891 1901 suot
904 1851 931 1901 et
946 1851 1104 1900 incrementa
1121 1852 1199 1901 virtu-

118 1933 160 1968 sus
169 1922 255 1969 mundi
268 1923 341 1982 butus
351 1923 566 1982 turbinee,etideo
575 1925 645 1984 septe
669 1920 730 1967 lum·

118 1988 210 2038 divina
223 1992 318 2040 munita
335 1992 494 2054 protectionis
509 1992 585 2040 nullis
599 2005 645 2041 εω-
697 1986 737 2037 il.
748 1989 816 2040 State
830 1990 906 2052 initur
921 1990 947 2040 in
962 1991 1036 2041 corde
1056 1993 1198 2050 restro,ne

118 2058 169 2106 enit
193 2058 276 2108 flabris
293 2061 453 2123 inquietetur.
476 2062 570 2110 &num
587 2073 645 2121 erge
667 2059 723 2119 quia
731 2071 774 2107 roa
781 2060 890 2118 subruat,
899 2072 931 2109 ne
941 2059 1000 2120 quis
1009 2060 1089 2121 possit
1100 2061 1199 2110 subner-

118 2127 328 2189 eoosilium3quiu
341 2129 644 2188 inconailiontilitaseat,
669 2129 730 2176 tere.
751 2128 843 2177 Docuit
865 2142 910 2178 noa
931 2131 1062 2189 Apostolus
1084 2129 1146 2190 quid
1167 2130 1197 2176 sit

117 2195 144 2244 iu
153 2200 276 2258 praecepto
287 2200 398 2260 laqueus.
406 2200 538 2248 Consilium
555 2200 644 2249 inritat
668 2196 747 2256 stare,
756 2197 802 2245 boc
812 2196 937 2258 ent,quod
946 2198 1023 2258 iloysi
1033 2197 1129 2247 dictum
1141 2199 1178 2246 est
1189 2211 1196 2244 r

116 2265 285 2328 voluntarios,
296 2269 447 2330 praeeeptom
458 2269 588 2328 adstringit
604 2269 644 2315 in·
667 2266 741 2314 noem
749 2266 815 2313 enim
826 2269 852 2314 io
862 2280 908 2327 pne
918 2269 945 2314 tu
955 2269 1019 2324 atos,
1031 2270 1099 2316 terro
1115 2270 1196 2316 ruodo

117 2334 189 2382 vitos.
200 2335 226 2383 si
238 2350 285 2397 qun
298 2350 355 2398 ergo
365 2339 469 2397 sequuta
477 2336 553 2385 tuerit
563 2335 644 2385 consi-
667 2337 716 2394 θείς
728 2347 800 2383 nemo
810 2335 876 2384 enim
887 2336 948 2396 stat,
957 2335 1007 2383 nisi
1018 2335 1122 2396 quidde
1134 2337 1196 2394 stat,

116 2402 192 2463 lium,
204 2406 230 2453 et
240 2419 294 2453 eam
306 2419 354 2454 non
364 2404 524 2467 poenituerit,
534 2406 644 2467 adquisi-
666 2403 714 2449 nisi
725 2403 768 2465 qui
784 2403 848 2452 tirus
858 2404 905 2453 atat
915 2401 954 2450 nui
973 2403 1056 2452 cordis
1066 2404 1194 2452 sententia.

116 2471 643 2538 vitutilitatemzsiquamveropoenituerit,
668 2471 1196 2532 Alibiquoquelegimusrrooutembierto

116 2552 165 2588 nou
186 2542 262 2592 babet
282 2546 347 2606 quod
367 2546 466 2593 accuset
486 2546 642 2606 Apostolum
666 2541 1194 2602 mecum.Utrumqueadbloysenaltomino

117 2607 169 2667 ipso
184 2613 251 2660 enirn
267 2613 298 2662 de
314 2614 456 2661 infirmitate
471 2625 515 2660 sua
531 2613 642 2671 judicare
667 2609 760 2657 dictum
768 2609 816 2669 est,
824 2611 866 2658 et:
880 2610 924 2659 tibi
933 2613 958 2658 tu
969 2614 1028 2668 rior,
1037 2613 1103 2658 terro
1114 2613 1194 2659 sencio

116 2677 203 2728 debuit
213 2695 221 2728 a
231 2686 258 2731 et
268 2684 324 2733 ideo
336 2683 384 2731 sibi
394 2682 528 2732 ieiunitatis
538 2695 588 2730 suae
600 2696 643 2732 rea
666 2683 699 2729 est
705 2696 714 2741 3
726 2682 752 2728 et
763 2683 823 2729 :liic
836 2683 875 2731 alo
888 2694 994 2739 ameum,
1013 2680 1062 2729 boe
1074 2684 1127 2739 est,
1144 2693 1193 2727 me·

116 2748 166 2807 eet,
182 2753 252 2811 eujus
266 2753 377 2813 praviore
387 2764 461 2813 quam
472 2751 537 2800 terro
547 2755 642 2814 posset,
666 2761 721 2796 cum
733 2751 790 2810 stas,
802 2750 822 2797 ai
833 2752 883 2798 stes
893 2751 920 2797 in
931 2749 1050 2797 Ecclesia.
1061 2750 1117 2809 ipso
1130 2749 1192 2796 enim

115 2815 204 2876 laqueo
215 2833 242 2868 se
252 2835 280 2868 ne
289 2822 351 2869 nodo
363 2821 459 2881 ligabit.
666 2819 733 2868 locua
744 2821 782 2868 est
802 2821 912 2877 sanctos,
931 2820 983 2879 ipsa
1000 2820 1068 2866 terra
1088 2817 1190 2866 fecunda

144 2887 184 2934 bit
196 2890 280 2949 ltaque
291 2892 416 2950 tamquam
426 2889 505 2938 bonus
516 2891 641 2951 medicus,
665 2878 1191 2950 sanctitatis&opimanirtutummessibua.

115 2956 157 3013 qul
166 2957 191 3004 ot
202 2958 304 3008 sortibus
314 2959 642 3010 stabilitatemvirtutiscen·
694 2956 734 3005 ii.
746 2959 787 3007 Sto
800 2959 894 3023 orgeio
906 2958 1028 3017 Ecclesia,
1040 2957 1077 3004 sta
1093 2956 1138 3004 ubi
1150 2956 1191 3004 tibi

115 3036 212 3071 servare
223 3027 315 3088 cupiat,
325 3030 351 3075 et
359 3027 461 3075 infirmis
471 3028 641 3078 salubritatem
666 3029 782 3088 apparui,
799 3029 834 3076 ibi
852 3040 896 3087 ego
916 3028 1000 3075 tecum
1014 3038 1079 3074 sum.
1090 3026 1139 3073 Ubi
1156 3026 1191 3073 est

114 3090 188 3154 dure,
198 3095 253 3144 aliia
264 3097 305 3145 dat
315 3096 442 3145 consilium
450 3130 457 3156 ,
465 3097 521 3144 aliis
530 3096 641 3147 demens·
667 3097 782 3155 Ecclesia,
791 3098 827 3144 ibi
839 3096 976 3144 firmissima
984 3095 1058 3143 statio
1066 3095 1116 3142 tun
1126 3106 1190 3141 men·

114 3160 163 3207 trat
173 3166 309 3214 remedium
321 3179 328 3213 ε
339 3168 384 3228 Qut
394 3168 502 3214 ioirmos
519 3168 566 3223 cet,
577 3168 641 3216 atero
666 3166 697 3214 tia
712 3168 768 3213 est:
781 3166 817 3213 ibi
836 3166 1025 3214 tundamentum
1045 3163 1123 3212 aninri
1141 3163 1188 3221 tui,

114 3236 251 3292 mundaret,
262 3235 369 3294 accipiat
384 3246 487 3281 uxorem
502 3247 509 3280 ι
523 3235 567 3294 qrri
579 3235 641 3282 vali·
664 3236 708 3283 ubi
720 3235 765 3285 tibi
776 3236 807 3283 de
815 3236 875 3283 rubo
885 3234 997 3296 apparui.
1006 3235 1045 3282 'l'u
1054 3233 1140 3291 rubus,
1148 3246 1190 3292 ego

115 3298 229 3363 dieresi,
247 3302 373 3352 tortionem
388 3304 487 3351 virtutis
502 3305 641 3352 eibumex-
665 3305 727 3365 ignis
745 3315 753 3349 s
772 3302 837 3363 ignis
857 3302 883 3349 in
898 3306 976 3360 rubo,
997 3314 1044 3360 epo
1061 3302 1091 3348 in
1109 3313 1187 3347 carne.

114 3371 190 3428 petat.
210 3373 345 3434 Meritoque
364 3371 480 3429 adjunxit
494 3384 500 3417 ε
513 3374 577 3419 ivam
600 3377 640 3434 qni
665 3371 875 3433 Proptereaiznis,
886 3372 914 3418 ut
925 3369 971 3416 tibi
982 3369 1089 3428 luceam,
1100 3371 1128 3418 ut
1138 3372 1189 3416 tuas

113 3440 195 3488 statuit
205 3443 230 3488 in
241 3445 307 3489 corde
318 3456 359 3490 rao
375 3442 471 3499 fionius,
486 3454 535 3487 noa
552 3441 640 3492 babens
664 3440 759 3500 spinae,
774 3440 802 3486 ut
821 3439 864 3485 tua
879 3438 980 3497 peccata
998 3448 1154 3494 consumam,
1164 3436 1187 3483 el

113 3512 284 3567 summitatem,
299 3512 433 3569 potestatem
453 3510 532 3555 eutem
552 3509 639 3560 bobeno
664 3520 744 3556 meam
754 3506 800 3555 tibi
810 3506 975 3554 demonstrem
984 3505 1099 3564 matiam.

112 3588 161 3624 suo
171 3578 310 3637 votoototu,·
320 3581 342 3625 et
353 3577 395 3624 bec
407 3578 521 3636 indicavit
536 3580 562 3625 io
572 3582 639 3628 corde
693 3576 836 3625 i3.Stuotes
844 3587 901 3634 ergo
912 3576 937 3622 in
946 3574 1020 3622 corde
1031 3574 1114 3622 uestro
1122 3574 1187 3634 lupos

112 3656 154 3691 auo
172 3657 264 3693 screare
275 3647 387 3705 cirqiaem
402 3659 484 3703 neom,
503 3645 558 3693 bene
573 3646 638 3705 iacti.
663 3648 745 3706 togate
757 3645 793 3711 ab
813 3644 919 3692 Ecclesia
930 3643 1072 3704 quaerentes
1085 3644 1187 3706 predam

112 3713 186 3770 latiur
196 3715 218 3760 rt
230 3718 270 3773 qai
280 3715 513 3775 moirimooiojnnoit
523 3717 638 3774 cirqioem
663 3719 758 3764 tollere.
769 3716 821 3761 Non
840 3714 872 3762 sit
887 3715 913 3760 in
923 3714 994 3761 vobis
1009 3712 1123 3770 desidia,
1141 3724 1187 3759 noa

110 3794 188 3841 auom,
201 3782 256 3831 bute
264 3785 321 3843 fucit
331 3799 340 3830 .-
351 3788 373 3831 et
383 3787 424 3844 qui
434 3798 481 3832 aea
487 3784 579 3844 junqii,
589 3799 638 3834 me-
662 3787 695 3833 sit
707 3795 809 3844 pravum
819 3795 860 3842 os,
877 3783 961 3842 lingua
981 3783 1100 3834 amarior.
1112 3782 1188 3829 Nolite

112 3853 157 3901 iius
170 3855 236 3912 foctt.
248 3855 332 3918 Mulio
341 3856 420 3902 virecta
434 3857 467 3903 ert
480 3855 537 3914 topi,
549 3858 638 3913 quanto
663 3855 688 3901 io
698 3851 803 3901 concilio
815 3850 930 3900 vanitatis
947 3851 1052 3909 sedere;
1072 3852 1189 3910 seriptum

113 3925 212 3981 tompore
224 3924 262 3970 eir
272 3922 321 3979 rjus
331 3923 395 3970 nteit.
404 3923 470 3983 Quod
479 3924 501 3970 si
517 3922 638 3971 dormierit
662 3922 700 3969 est
709 3920 776 3968 eninr
788 3932 795 3965 t
806 3921 948 3968 ltonredia'n
958 3922 1057 3975 concilio
1068 3922 1190 3971 condutio.

112 3992 149 4034 eir
168 3990 216 4048 ejus
247 3989 346 4038 liberato
365 3993 397 4039 cet
409 4005 417 4038 .·
429 3992 466 4038 coi
482 3989 530 4039 ee't
547 3988 635 4048 nubet,
662 3988 739 4040 Nolite
751 3986 836 4038 audire
848 3986 1192 4048 aletralrentesdeproxinri53
