2632 4784
110 407 142 461 nt
508 399 627 446 senona
643 393 802 440 nunnosn

111 493 216 540 tentem.
228 487 325 538 nendos
336 498 392 545 orgo
405 481 470 543 quod
479 477 637 528 ‹loheslienti
665 475 710 533 iit,
719 474 805 533 etegit.
817 469 931 530 Denique
951 463 1054 527 apostoli
1070 463 1197 525 optimum

110 560 201 620 quihus
219 570 246 605 es
262 555 366 604 debitor.
384 553 482 599 Utinam
498 559 542 596 nos
562 547 639 594 simus
663 532 1193 603 nonpuuvoruntreiinqnereheiverhum,

111 628 195 679 idonei
206 626 330 675 debitores
341 637 348 670 a
360 622 454 671 utinam
466 617 531 679 quod
542 615 640 678 aceepi-
664 613 691 660 et
710 609 849 659 ministrare
867 604 967 653 mensio.
986 603 1035 650 Sed
1058 601 1193 661 utrumqne

113 706 180 754 snus,
191 694 311 755 possimus
322 691 463 746 exsolvere3
475 698 522 735 neo
538 677 640 733 nos'nut
664 693 753 729 munus
760 677 888 739 sapientie
896 676 946 735 eot3
954 686 1011 722 nam
1019 674 1045 721 et
1051 673 1192 732 Stephanus

113 763 243 814 sacerdotii
255 762 298 810 out
309 757 441 808 ministerii
453 768 542 804 munus
558 752 640 802 extoi·
665 750 753 810 plenus
772 745 893 807 sapientia
908 743 1023 791 minister
1033 742 1130 789 eiectus
1147 742 1191 787 osi.

114 834 157 880 iat.
177 829 300 890 Quomodo
316 829 421 886 reddes,
438 825 544 873 Domine
564 821 640 871 lesui
665 825 695 870 Et
704 822 761 869 ideo
772 819 814 880 qui
825 816 961 873 ministrat,
974 812 1067 861 doctori
1079 811 1190 861 deterat:

113 901 247 952 promisisti
256 899 356 961 quidem
367 898 394 945 in
404 897 467 944 caeto
475 895 546 942 isonis
556 893 639 953 eopio·
666 893 692 941 et
702 888 882 939 ministrantem
893 885 976 932 doctor
992 882 1086 932 inritet
1096 882 1123 928 et
1136 893 1191 940 pro·

114 984 165 1019 sam
181 982 233 1017 esse
244 969 394 1017 mercedem.
403 964 499 1013 Reddes
515 966 597 1012 tamen
616 961 641 1009 et
666 963 751 1019 vocet3
763 970 839 1007 unum
852 954 918 1004 enim
928 954 1061 1010 osteorpus
1071 950 1191 1007 Rectene,

114 1053 170 1088 oum
182 1039 244 1086 dieis
259 1051 267 1085 a
280 1041 345 1098 dupe
364 1036 515 1092 honoresve,
531 1035 641 1094 proniora
666 1030 713 1077 etsi
732 1029 829 1076 divorsa
845 1023 976 1073 memhraz
995 1021 1102 1069 aiterum
1118 1020 1191 1066 altero

114 1123 183 1171 super
197 1121 273 1169 pouoo
281 1109 353 1166 fideiia
363 1106 442 1166 satiati,
452 1117 521 1161 super
535 1102 609 1148 mutto
621 1103 641 1148 te
667 1100 732 1157 eset.
744 1098 796 1145 lion
808 1096 888 1156 potest
899 1092 982 1139 dicero
993 1090 1080 1137 oculus
1092 1089 1191 1135 manui:

115 1179 254 1227 oonrtituam
274 1177 362 1224 :iutro
377 1176 404 1222 in
419 1173 531 1234 paudum
546 1169 643 1218 Domim
667 1168 747 1226 Opera
765 1167 807 1212 tua
826 1175 874 1211 non
887 1161 999 1208 desidero
1016 1173 1023 1206 a
1040 1159 1084 1205 out
1105 1159 1192 1205 iterum

115 1247 158 1294 ω,
387 1262 389 1265 v
667 1237 741 1295 eaput
758 1233 879 1295 pedihus,
890 1231 932 1277 aut
943 1227 1053 1275 auricula
1065 1238 1092 1274 aa
1104 1237 1192 1285 negare

144 1310 184 1362 oi.
195 1313 256 1372 Erro
265 1312 380 1371 quoniam
390 1321 463 1357 nonno
472 1307 549 1365 magis
559 1303 643 1365 proxi·
667 1316 721 1353 esse
733 1302 764 1350 de
777 1311 891 1361 corpore3
904 1310 960 1344 narn
976 1296 1023 1344 etsi
1041 1294 1090 1343 alia
1104 1294 1194 1354 prinei·

114 1392 170 1429 mus
180 1393 253 1441 quam
266 1380 310 1440 qui
321 1380 423 1427 vutnera
433 1380 516 1424 nostra
532 1374 642 1430 curavit,
668 1373 747 1433 palia,
756 1374 840 1420 tamen
849 1371 897 1416 alia
909 1367 1056 1415 necessaria.
1068 1365 1193 1425 Sapientia

115 1449 246 1510 ditigamus
264 1460 322 1495 oum
333 1446 402 1506 quasi
422 1444 566 1502 dominum,
585 1442 644 1489 diii·
669 1443 695 1489 iu
705 1441 795 1500 capite,
804 1439 873 1485 aetus
884 1437 909 1483 in
918 1433 1194 1484 manibustocniienim

115 1511 643 1575 odmuseumquasiproximnm3uihiienim
667 1511 779 1569 sapientie
797 1509 821 1554 in
839 1508 913 1566 eapite
929 1506 993 1564 oium·
1010 1504 1068 1563 quia
1084 1503 1127 1550 itte
1139 1514 1195 1550 rere

115 1591 167 1634 tam
179 1585 412 1647 proximum,quam
424 1583 497 1641 eaput
507 1582 642 1629 memhrisr
668 1579 747 1637 sapit,
766 1576 836 1634 cujus
856 1574 952 1621 animus
968 1573 992 1619 in
1002 1572 1097 1619 Christo
1109 1573 1161 1630 est,
1172 1574 1196 1620 et

116 1655 249 1715 diligamus
264 1651 341 1698 etiam
360 1663 416 1698 eum
427 1650 470 1710 qul
488 1649 596 1696 imitator
607 1650 645 1697 est
669 1647 739 1704 ouius
760 1645 862 1694 interior
880 1642 966 1689 ocutus
984 1642 1090 1701 erigitur
1108 1640 1139 1688 ad
1158 1654 1197 1687 ou·

117 1724 220 1772 Christi:
229 1721 358 1782 diligamus
366 1733 423 1767 eum
431 1719 475 1780 qui
486 1719 575 1780 inopiae
584 1720 645 1767 atie-
670 1728 755 1774 perna.
767 1716 796 1762 Et
807 1715 863 1761 ideo
875 1725 882 1757 a
894 1713 1009 1771 Sapientis
1019 1712 1114 1758 oration
1124 1712 1197 1772 capite

117 1792 171 1839 rius
186 1789 294 1850 eorporis
310 1789 404 1836 unitate
421 1787 577 1847 compatitur.
588 1787 644 1834 h'on
670 1789 757 1848 ipsius:
769 1785 838 1833 stutii
850 1785 933 1830 autem
946 1782 972 1829 in
983 1782 1106 1830 calcaneo.

116 1871 185 1908 ΙΝΙΜ
196 1857 308 1937 ῑθβΰῧῑῗθ
319 1856 378 1936 (ficit
388 1855 589 1935 Pf⁰¹i¹¹¹¹¹mr⁸⁰d
600 1856 646 1902 ¹¹¹¹·
670 1877 720 1926 Cap.
729 1879 762 1924 ii,
772 1888 786 1914 v
803 1876 820 1913 o.
831 1875 883 1925 Quis
893 1877 988 1912 oestrum
1000 1873 1080 1912 habena
1090 1873 1198 1921 amioum,

116 1927 252 1976 soricordra
270 1936 351 1986 aquia
370 1924 538 1973 misericordia
557 1936 646 1972 secun·
692 1934 731 1971 uir
749 1932 775 1970 nu
790 1931 853 1968 iilum
871 1928 940 1965 maura
956 1931 1028 1968 nocie.
1041 1931 1061 1966 si
1080 1927 1133 1967 utus
1149 1927 1198 1967 una

117 1995 176 2043 dum
194 1997 324 2053 naturam3
339 1993 403 2040 nihii
414 1993 481 2040 enim
496 1995 546 2038 tam
557 2004 645 2039 secun·
696 1985 780 2031 ⁵¹³³⁰⁰=
790 1981 902 2022 ⁰⁰⁰¹¹¹¹⁰d⁸
910 1981 1017 2036 mihimet
1024 1989 1090 2029 ΡΜ*

117 2063 177 2109 dum
188 2063 314 2122 naturam,
324 2072 398 2122 quam
410 2059 497 2118 lunare
509 2060 646 2106 consortem
701 2064 741 2112 87.
753 2062 821 2112 Atius
835 2061 953 2122 praecepti
965 2061 1033 2108 loeus
1044 2060 1097 2120 esi,
1107 2060 1136 2109 ut
1146 2073 1199 2110 om.

118 2133 223 2177 naturus.
671 2133 745 2181 nihus
756 2131 886 2180 momentis
897 2143 945 2178 non
956 2130 1034 2178 sotum
1046 2130 1200 2188 diehus‚sed

149 2195 647 2255 sommumesirpimuemneneorna,
673 2202 748 2248 etiam
764 2199 877 2246 noctium
894 2198 1201 2247 oratiouenrasur.v1nes

119 2268 162 2317 sod
175 2280 222 2314 non
233 2279 282 2314 una
294 2269 330 2314 est
341 2265 417 2313 torma
428 2265 648 2324 virturissirhjici·
672 2271 738 2317 enim
756 2268 821 2328 quod
840 2268 886 2315 iste
897 2268 939 2327 qui
955 2267 1035 2314 media
1054 2271 1126 2315 noete
1143 2281 1201 2328 per·

118 2341 161 2386 tur
171 2338 269 2385 itartiue
281 2336 396 2395 exempto
407 2337 433 2383 et
442 2334 626 2398 timiama)
639 2350 646 2383 a
672 2338 753 2396 rexit,
768 2338 819 2384 tres
829 2348 905 2396 panes
920 2335 951 2383 ab
966 2336 1044 2382 amico
1055 2349 1098 2383 ouo
1117 2338 1201 2396 postu-

119 2407 227 2455 hiteriua
236 2406 352 2466 operibns
361 2406 459 2452 actuosa
470 2404 579 2464 devotio,
588 2406 649 2453 aite-
673 2407 738 2463 iana,
747 2407 773 2452 et
784 2405 810 2452 in
821 2405 873 2464 ipsa
882 2404 983 2464 petendi
996 2404 1134 2453 intentione
1147 2418 1201 2466 per·

119 2477 172 2525 rias
180 2473 553 2534 reiigiosarneniisinientioliei
561 2474 648 2533 verbo,
673 2475 777 2532 sistens,
796 2486 846 2521 uon
870 2472 1029 2521 detrandetur
1049 2475 1132 2522 oratis.
1153 2476 1201 2534 Qui

119 2559 174 2606 quae
191 2544 278 2592 sicum
291 2543 339 2590 tide
351 2543 485 2603 congruat,
501 2541 576 2589 etiam
589 2542 648 2602 ipsis
673 2547 730 2592 eunt
742 2543 783 2591 isti
796 2545 847 2591 tres
863 2555 953 2603 panes,
965 2542 1013 2589 nisi
1026 2545 1138 2603 mysterii
1150 2558 1201 2592 em-

119 2614 237 2675 oporibus
246 2612 397 2668 antefertur,
407 2611 480 2668 juxta
489 2611 556 2670 quod
570 2612 649 2671 scrip-
675 2613 744 2660 testis
758 2610 920 2660 alimentum?
930 2611 999 2669 Quod
1017 2612 1036 2658 si
1055 2611 1142 2672 diligas
1154 2614 1203 2660 Do·

119 2685 173 2730 tum
185 2681 223 2728 est
239 2693 246 2725 a
265 2681 345 2726 hidrio
362 2681 474 2737 optimam
495 2681 587 2737 portem
605 2680 650 2727 sihi
675 2682 770 2728 minum
785 2681 865 2726 Deum
880 2679 963 2736 tuum,
979 2690 1028 2725 uon
1046 2680 1124 2726 solum
1141 2680 1202 2739 tihi,

119 2752 194 2810 riceii,
206 2761 257 2810 pum
267 2760 314 2794 non
327 2746 447 2804 auferetur
454 2745 650 2795 titi.Studeannus
675 2750 719 2799 sod
737 2751 812 2797 etiam
827 2749 883 2796 aiiis
899 2748 991 2809 poteria
1010 2749 1125 2796 emereri.
1142 2749 1203 2807 Quis

120 2822 195 2882 igitur
206 2819 230 2865 et
241 2830 285 2864 nos
303 2817 394 2864 hahere
413 2815 479 2875 quod
494 2829 568 2863 nemo
579 2818 650 2864 nohis
674 2820 759 2866 autem
774 2818 876 2866 amicior
898 2817 983 2876 nohis,
1002 2829 1075 2877 quam
1096 2819 1139 2877 qui
1159 2831 1203 2878 pro

121 2888 199 2952 possit
208 2886 316 2946 auterre,
325 2898 373 2933 non
385 2886 412 2932 ut
422 2884 597 2945 perfunctoria,
606 2886 649 2934 sed
675 2889 745 2935 nobis
770 2900 859 2948 eorpus
879 2899 949 2935 sumn
971 2885 1088 2933 tradidit?
1103 2887 1139 2933 nh
1157 2889 1203 2936 hoc

120 2957 226 3016 diligens
251 2955 376 3002 audientia
401 2953 544 3013 deteratur3
570 2954 650 3003 solent
675 2957 930 3016 medianociepanes
940 2955 1203 3016 Davidpetiit‚etao·

121 3025 187 3074 euim
196 3023 268 3071 etiam
276 3023 353 3082 ipsius
361 3023 454 3069 semina
463 3023 533 3070 verhi
542 3023 650 3071 eoeiesns
675 3028 756 3087 cepit3
774 3026 848 3086 petiit
872 3025 939 3074 enim
964 3025 1060 3086 quando
1080 3025 1201 3073 dicebat:

120 3090 227 3149 auferri,
240 3091 260 3138 oi
279 3103 350 3138 secus
368 3091 435 3138 viam
453 3091 504 3137 siut
519 3091 648 3140 seminata.
675 3098 752 3144 neoto
774 3098 840 3142 nocte
856 3093 978 3152 surocham
996 3095 1028 3141 od
1048 3094 1204 3151 confitendum

121 3161 182 3223 Agat
199 3161 224 3208 te
242 3159 308 3206 sieut
322 3160 421 3207 itariam
441 3159 592 3208 desiderium
611 3174 650 3209 sa-
675 3164 731 3224 tihi3
744 3163 800 3211 ideo
814 3163 905 3209 meruit
915 3162 959 3208 hos
971 3173 1046 3221 panes
1055 3174 1116 3221 quos
1127 3174 1205 3222 appo-

121 3229 235 3293 ptentiae;
252 3229 298 3276 hoo
315 3228 381 3276 euim
393 3230 485 3288 majus,
498 3229 542 3276 hoc
553 3229 651 3289 periec-
675 3234 724 3282 suit
739 3231 809 3279 nohis
825 3230 942 3278 edendos.
953 3230 1027 3277 Petiit
1045 3243 1101 3278 eum
1117 3231 1202 3279 dioiit

121 3300 171 3348 tius
185 3312 264 3359 opus:
279 3310 325 3346 neo
344 3297 478 3346 ministerii
496 3310 553 3344 cura
565 3299 650 3357 cogni·
675 3300 1012 3360 Lneohopersiopuinsnoctes
1021 3300 1203 3358 ieotummeunrg

121 3367 214 3416 tionem
242 3366 311 3414 rerhi
340 3366 447 3415 ooeteatis
473 3366 582 3425 avertat,
602 3379 648 3415 neo
676 3380 756 3429 ireque
772 3367 838 3416 euim
857 3367 941 3415 timuit
958 3379 989 3415 ne
1008 3368 1130 3415 excitaret
1146 3368 1204 3416 dor-

121 3446 209 3495 arguas
225 3445 285 3492 eos,
301 3432 327 3480 et
348 3434 437 3481 otiosos
458 3432 572 3492 judiees,
589 3446 650 3494 quos
675 3436 1202 3497 mientom‚quemscitaempervigitantem.

121 3503 206 3552 videas
225 3501 323 3549 studere
342 3501 483 3561 sapientiam
499 3501 563 3548 hano
582 3506 650 3551 enim
705 3505 744 3553 88.
762 3506 792 3551 tit
811 3505 867 3551 ideo
893 3504 1038 3563 scriptorum
1064 3517 1203 3564 memoras,

122 3568 171 3620 ribi
189 3569 371 3617 cohabitantem
386 3569 499 3616 Salomon
510 3568 554 3618 iiie
565 3571 648 3631 patiti·
675 3573 789 3621 noctibus
800 3584 828 3618 ao
844 3572 931 3618 diebus
948 3573 1052 3620 orationi
1068 3572 1203 3633 instantes,

122 3650 166 3689 ons
175 3637 288 3686 adscivit.
675 3642 783 3702 peccatis
809 3640 897 3688 nostris
916 3643 1013 3689 versiam
1040 3644 1201 3702 postulemus.

152 3708 192 3757 86.
203 3708 254 3784 iieo
265 3706 358 3753 Martha
377 3706 461 3754 tamen
477 3706 502 3755 in
521 3707 585 3757 bono
602 3709 651 3756 mi·
675 3712 733 3759 h'am
749 3710 770 3756 si
786 3710 828 3757 itte
841 3710 891 3756 tum
908 3712 1020 3770 sanctus,
1031 3711 1057 3758 et
1071 3712 1115 3771 qni
1131 3716 1202 3772 regni

123 3775 227 3825 niaterro
249 3774 439 3854 reprehenditur
466 3788 473 3821 a
495 3776 539 3824 sed
561 3776 649 3835 itania,
676 3779 728 3826 erat
744 3777 933 3826 necessitatibus
947 3780 1094 3837 occupatus,
1109 3780 1203 3838 septies

123 3845 188 3906 quod
204 3845 337 3905 meliorem
349 3845 442 3903 partem
465 3844 513 3891 sihi
529 3845 649 3905 elegerit,
676 3845 756 3893 indie
771 3844 869 3893 taudem
885 3845 988 3894 homino
1003 3847 1113 3904 dicebat,
1123 3851 1204 3896 matu·

123 3911 353 3971 mieiertur;tesus
363 3913 521 3962 enimmultis
531 3913 649 3972 abundat,
675 3913 736 3962 tinio
753 3913 779 3960 st
796 3913 944 3973 vespertinis
960 3913 1087 3960 sacrifieiis
1103 3926 1204 3975 sempor

125 3980 152 4027 et
170 3980 247 4057 muita
262 3979 365 4040 largitur
377 3992 383 4026 :
396 3981 421 4027 ei
430 3980 495 4045 ‘ideo
514 3982 649 4041 sapientior
676 3981 785 4030 intentus
797 3994 804 4028 a
814 3981 873 4042 quid
891 3993 935 4029 nos
945 3982 1026 4028 tacere
1037 3982 1147 4042 oportet,
1157 3984 1202 4042 qni

121 4045 259 4110 iudicatum
270 4048 327 4110 quta
342 4045 406 4112 duod
416 4049 551 4114 principale
559 4048 650 4099 adver·
676 4061 705 4099 eo
724 4049 829 4111 amptius
839 4062 924 4111 rogaro
939 4049 1070 4110 dehemus,
1084 4064 1133 4113 quo
1154 4050 1204 4101 tre-
