2632 4784
366 314 409 359 1>ss
423 312 530 360 OBITU
544 311 734 359 uneobosll
746 306 888 360 batuto.
1128 312 1172 362 ias
1230 313 1233 318 ’

86 395 216 456 caverant,
226 393 307 445 doluit
318 405 391 456 quarn
402 395 504 444 dederat
513 395 618 457 periisse
644 407 708 456 oquo
717 396 847 457 princeps,
858 397 883 443 et
891 395 948 444 ante
959 395 1038 444 aciem
1046 396 1177 459 solusprti·

86 461 284 525 indulgentiam,
300 462 326 510 et
346 463 446 511 veniam
464 463 616 523 denegatam.
643 463 769 524 grediens,
781 465 835 512 alt:
847 465 893 512 Ubi
904 466 941 513 est
951 465 1081 515 Theodosii
1091 465 1172 516 beust

85 535 133 583 Sed
148 546 197 583 non
217 532 341 594 negabunt
359 534 418 594 tilii,
435 535 501 595 quod
516 535 617 583 donavit
643 531 754 579 lambos
769 532 864 581 Christo
879 533 1005 593 proximus
1016 536 1173 596 loquebatur.

85 603 172 665 pater:
183 613 233 650 non
249 603 389 664 negabunt,
403 603 499 651 etiamsi
517 603 618 666 quidum
642 600 702 658 Quis
716 602 783 649 enim
798 604 879 662 posset
895 602 942 651 hoe
954 602 1054 663 dleere,
1069 603 1116 653 nisi
1127 603 1176 665 qut,

85 672 250 722 interturbare
266 672 369 720 conatus
387 671 434 732 sit3
450 685 532 733 neque
551 672 618 721 enlm
643 671 736 718 Christo
751 683 778 719 se
793 671 919 720 adherere
938 672 1174 733 eopuoseeretiQuo

85 743 202 802 poterunt
211 753 316 803 negare,
327 741 392 803 quod
404 741 429 788 ln
438 753 566 790 commune
575 741 618 789 do·
643 739 708 788 dicto
719 741 838 790 excitarit
851 753 950 800 omnes,
961 743 986 790 et
997 744 1112 803 exemplo
1119 754 1174 791 om-

84 814 167 872 narlt,
179 811 615 873 quisolvunt,quodsinqulisdedit.
643 821 688 858 nes
696 810 808 860 armarit.
818 812 847 859 lit
855 810 907 870 jam
915 812 982 859 certe
990 811 1073 860 senior
1083 811 1172 874 eruta,

116 880 140 928 li.
157 880 223 927 Nihil
235 879 364 939 gloriosius
374 880 456 929 exitus
470 883 532 930 tanti
547 881 617 942 prin·
642 879 685 927 sed
693 879 789 927 validus
798 880 857 929 lide.

86 949 616 1010 00010000,00100001000000001·
671 948 695 996 8.
715 948 845 997 Theodosii
866 963 924 1012 erqo
943 949 1004 999 fldes
1022 949 1070 999 luit
1088 948 1172 1001 restra

86 1018 172 1077 disset,
180 1018 448 1078 regnum,potestatem
456 1030 560 1078 ,nomen
569 1022 616 1067 du·
642 1016 745 1067 victoria
759 1032 766 1065 r
776 1021 858 1067 restra
868 1020 928 1068 tides
938 1019 1044 1068 illiorum
1056 1020 1110 1080 eius
1120 1020 1171 1069 ior-

86 1085 149 1146 uusti
160 1084 258 1144 anihil,
271 1085 386 1146 inquam,
401 1088 535 1146 speciosius
550 1087 574 1135 ei
590 1088 616 1136 in
641 1086 719 1134 titudo
740 1087 780 1135 sit.
801 1088 872 1136 Fides
893 1101 952 1149 ergo
970 1088 1045 1150 auget
1061 1090 1170 1137 etatem.

85 1155 165 1203 morte
176 1156 301 1204 serratum
312 1153 363 1213 est,
373 1168 447 1216 quam
457 1157 523 1216 qued
534 1155 560 1203 in
569 1157 616 1204 ali·
642 1155 754 1216 lienique
762 1168 809 1204 nee
817 1156 954 1217 Abraham,
965 1159 994 1206 ut
1004 1157 1030 1204 in
1041 1157 1171 1206 senectuto

85 1223 183 1283 quantu
192 1224 310 1283 promissa
319 1236 471 1272 annonarum
483 1224 616 1285 exigenda·
640 1225 770 1283 generaret
777 1223 869 1285 illium,
880 1224 1048 1273 consideravit
1054 1225 1170 1273 aetatem:

86 1303 140 1340 rum
148 1293 281 1352 relaxatio,
296 1292 354 1339 dum
367 1295 491 1352 moratur,
502 1292 568 1341 tauta
579 1295 616 1343 est
641 1304 686 1341 nee
696 1292 768 1352 Sara,
779 1296 808 1341 ut
819 1295 925 1353 pareret.
936 1295 985 1342 lieo
994 1294 1086 1342 mirum
1096 1294 1117 1341 si
1126 1296 1173 1342 uu-

85 1361 206 1410 00000010
216 1359 270 1420 elus
287 1360 497 1420 indulgentiarum
510 1360 616 1410 baeredi-
640 1362 681 1422 get
691 1365 788 1411 etatem
798 1363 872 1422 tides,
884 1376 941 1411 cum
956 1363 1118 1424 representet
1132 1362 1172 1410 iu·

87 1431 136 1490 tas;
156 1431 183 1478 ut
200 1430 244 1480 illu
261 1430 304 1492 qul
319 1430 398 1478 voluit
413 1429 551 1491 impedire,
567 1431 615 1480 sibi
641 1432 704 1478 tura.
717 1431 782 1489 Quid
798 1432 866 1480 enim
882 1435 920 1480 est
933 1431 1008 1491 tides,
1023 1431 1072 1480 nisi
1083 1443 1169 1479 rerum

86 1499 169 1547 odium
184 1499 285 1559 iecerit,
296 1499 432 1548 Theodosio
444 1500 527 1548 tamen
539 1501 614 1550 tantas
641 1510 801 1561 earum,quae
810 1502 956 1561 sperantur,
964 1498 1116 1548 substantial
1126 1499 1166 1548 Sic

86 1568 200 1618 cumulus
214 1566 298 1631 gratim
314 1566 410 1616 nonsit
426 1567 548 1616 ademtus.
565 1570 614 1618 liec
640 1568 1171 1632 nosseripturaedoeeutdirqosisubstantiu

86 1638 224 1699 immerito,
242 1637 342 1688 sienim
360 1637 511 1698 privatorum
521 1637 616 1687 ultimas
641 1649 735 1698 eorum,
741 1652 795 1699 quae
803 1642 942 1700 sperantur,
949 1639 1068 1698 iidesest3
1078 1639 1170 1700 quanto

86 1707 238 1767 voluntates,
249 1709 275 1757 et
286 1706 456 1756 deficientium
467 1708 614 1756 testamenta
641 1707 717 1767 magis
723 1719 881 1768 eorumquae
886 1704 1168 1765 sidenturlllonafldes‚

87 1776 177 1824 habeut
187 1777 317 1838 perpetem
328 1776 484 1834 firmitatem
494 1777 615 1836 quomodo
640 1773 671 1822 de
688 1787 737 1835 qua
752 1775 872 1835 seriptum
888 1776 926 1823 est
939 1788 945 1820 ε
957 1778 1037 1822 iustus
1047 1777 1126 1823 uelem
1138 1787 1171 1823 es

86 1846 166 1906 potest
174 1845 235 1893 tanti
246 1845 366 1906 principis
374 1856 427 1892 esse
435 1843 615 1892 irritumtesta·
639 1845 683 1903 {ide
693 1846 756 1893 uiuit.
771 1843 876 1903 Quodsi
890 1842 1055 1891 substraxerit
1066 1852 1109 1901 se,
1119 1852 1169 1890 nou

88 1915 351 1964 mentumltiloriosius
358 1925 456 1976 quoque
464 1914 491 1961 in
500 1926 529 1962 eo
537 1914 615 1961 'lheo-
641 1913 749 1974 placebit
759 1913 848 1960 anime
856 1924 927 1960 meae.
1156 1920 1159 1925 ’

87 1983 181 2045 deeius,
192 1985 234 2046 qui
244 1997 294 2033 nen
304 1983 427 2033 communi
437 1983 494 2043 jure
512 1983 616 2032 testatus
670 1981 695 2030 9.
712 1982 760 2029 lios
775 1983 858 2030 autem
873 1992 923 2028 non
940 1980 1113 2030 subtrahamus
1125 1988 1171 2030 uos

87 2054 137 2115 est3
148 2052 178 2102 de
189 2054 247 2102 illlis
256 2054 323 2102 enim
333 2051 397 2100 nihil
406 2051 513 2100 habebat
523 2063 614 2100 novum
640 2050 671 2098 ad
681 2049 836 2111 dispendium
845 2050 943 2109 animae,
953 2050 996 2098 sed
1007 2049 1171 2097 inhereamus

86 2123 151 2184 quod
161 2123 292 2184 conderet,
309 2123 400 2184 qulbus
411 2121 490 2169 totum
500 2121 615 2183 dederat,
640 2118 697 2167 ildei
712 2119 744 2167 ad
758 2119 849 2167 animae
864 2118 953 2167 nostrai
966 2118 1169 2179 adquisitionem

88 2191 134 2241 ntsl
144 2193 174 2240 ut
184 2205 226 2240 eos
239 2191 353 2253 prasenti
369 2189 553 2238 commendaret
570 2202 615 2250 pa·
640 2187 1170 2248 quoniaminhaetideimiiitiatestimonium

87 2261 151 2310 renti
161 2260 172 2280 ⁸
182 2275 190 2309 r
202 2262 266 2310 etde
275 2260 379 2309 subditis
390 2259 615 2311 sibIetcommissis
640 2259 785 2319 consequuti
801 2258 859 2306 sunt
875 2256 985 2307 seniores
1000 2256 1077 2305 nostri
1093 2256 1171 2303 Abre-

85 2331 171 2380 tostari
194 2332 293 2392 debuit,
313 2332 341 2379 ut
361 2331 440 2392 lerata
459 2329 614 2393 dimitteret,
640 2331 791 2392 ham,isaac
808 2333 834 2381 et
847 2331 930 2380 iacob.
950 2331 979 2380 Et
992 2331 1048 2379 ideo
1063 2329 1170 2378 heredi·

87 2398 145 2448 tidei
155 2400 284 2448 commissa
300 2399 415 2459 signaret.
432 2399 552 2459 Praecepit
562 2399 613 2447 dari
641 2401 715 2449 tatem
730 2402 802 2451 nobis
819 2400 879 2449 lidei
899 2401 1062 2462 reliquerunt.
1079 2393 1171 2446 Fidelis

87 2468 168 2530 leuem
180 2468 437 2529 indulgentissimam
449 2467 563 2526 scriptam
574 2480 616 2516 re·
640 2469 774 2528 Abraham,
785 2468 829 2531 qui
839 2480 889 2518 neu
899 2480 932 2517 ex
943 2468 1072 2528 operibus,
1083 2466 1127 2514 sed
1136 2476 1170 2514 ex

86 2539 169 2600 liquit.
176 2538 240 2598 Quid
247 2537 353 2598 dignius,
363 2549 436 2598 quarn
444 2537 473 2584 ut
481 2536 616 2585 testamen·
640 2539 687 2587 dde
699 2538 848 2598 lustiileatus
860 2539 911 2598 est3
923 2537 1039 2598 quoniam
1051 2538 1102 2584 lieo
1113 2548 1169 2584 ere·

86 2608 138 2656 tum
150 2607 304 2667 imperatoris
313 2608 356 2654 lex
367 2606 417 2655 siti
640 2609 717 2657 didit:
727 2611 806 2669 isaac,
817 2609 859 2669 qui
869 2621 915 2670 per
921 2607 995 2655 fldem
1004 2617 1051 2654 noe
1060 2605 1170 2667 gladium

115 2676 139 2724 o.
152 2679 213 2738 lirgo
229 2677 310 2724 tantus
325 2674 458 2736 imperator
477 2675 582 2724 recessit
600 2689 613 2724 a
640 2677 735 2727 terituri
752 2677 862 2739 parentis
880 2676 983 2736 expavit
999 2689 1006 2721 r
1022 2675 1110 2735 Jacob,
1124 2675 1169 2736 qui

87 2746 171 2804 nobis,
188 2744 231 2794 sed
245 2758 295 2794 uon
309 2746 372 2793 totus
383 2744 499 2805 recessit3
512 2744 615 2806 reliquit
640 2751 747 2810 pateruae
765 2749 823 2797 ildel
842 2747 952 2808 vestigiis
970 2747 1095 2805 intentus,
1109 2744 1169 2794 dum

88 2814 155 2861 enim
164 2814 232 2861 nobis
242 2814 333 2861 liberos
344 2826 412 2875 suos,
423 2813 449 2861 ln
457 2813 549 2874 quibus
557 2827 614 2862 eum
640 2818 688 2866 lter
699 2818 762 2880 opit,
774 2818 920 2880 Angelorum
939 2814 1004 2864 vidit
1014 2814 1168 2876 exereitum,

86 2881 206 2930 debemus
220 2893 366 2942 agnoscere,
377 2883 403 2930 et
414 2883 440 2931 in
454 2883 544 2944 quibus
557 2895 613 2931 eum
640 2886 666 2935 et
676 2886 775 2936 vocarit
786 2885 918 2936 eonsilium
929 2884 986 2933 liei.

87 2951 113 2999 et
131 2951 254 2999 cernimus
270 2952 297 2999 et
312 2952 434 3000 tenemus.
452 2953 502 3001 lies
516 2953 615 3000 moveat
671 2958 709 3007 io.
728 2957 795 3006 Alibi
812 2970 924 3020 quoqne,
940 2955 966 3004 id
984 2955 1036 3016 est,
1054 2953 1169 3004 inlibris

86 3020 614 3082 atasztidesmilitumimperatorisperieeta
640 3027 793 3089 lteqnorum,
813 3027 917 3075 Elisaeus
934 3026 987 3074 erat
1004 3024 1069 3073 intra
1084 3023 1169 3072 Sama·

86 3091 124 3139 ost
139 3093 212 3151 artas3
227 3092 266 3139 est
280 3092 346 3139 enim
363 3090 472 3150 perlecta
487 3092 559 3151 aetas,
571 3092 614 3139 ubi
640 3097 716 3155 riam,
726 3099 752 3144 et
761 3095 843 3144 subito
854 3108 912 3144 eum
923 3093 1086 3141 circumtusus
1094 3093 1169 3154 Syro·

86 3158 194 3219 perlecta
200 3161 237 3209 est
245 3160 331 3209 emtus.
341 3160 475 3218 lteeiproca
481 3159 534 3208 haee
541 3173 548 3219 ;
556 3160 614 3221 quia
641 3176 694 3211 rum
705 3163 802 3211 obsedit
809 3162 942 3210 exercitus.
953 3161 1023 3209 Vidit
1033 3173 1075 3208 eos
1084 3161 1168 3220 Giesl,

87 3227 113 3275 et
121 3225 181 3277 tides
191 3227 346 3289 imperatoris
358 3227 467 3274 militum
479 3227 558 3275 virtus
568 3229 614 3275 ost.
641 3233 666 3280 et
676 3232 711 3279 ait
727 3231 758 3279 ad
773 3231 904 3278 Dominum
918 3241 990 3277 suum
1002 3242 1009 3274 a
1022 3231 1171 3286 Oiiosrine‘,

115 3299 140 3346 1.
156 3299 338 3359 Recognoscitis
353 3310 444 3356 nempe
463 3310 525 3357 quoa
545 3297 616 3346 vebis
641 3301 694 3361 quid
715 3298 843 3360 {admoui
859 3298 888 3345 Et
904 3296 969 3344 dixit
987 3297 1089 3344 lilizaeus
1107 3309 1167 3355 pro·

85 3368 214 3417 'l'heodosii
224 3370 283 3416 iides
295 3368 432 3427 triumphos
441 3365 614 3427 adquisiverit.
641 3369 715 3430 pheta
725 3383 732 3414 r
743 3370 799 3418 11011
814 3371 907 3427 11000·ος
920 3368 1033 3427 quonium
1047 3365 1169 3414 molseon

85 3437 144 3486 Cum
153 3438 259 3487 iocorum
268 3438 386 3499 anqustiis
394 3438 419 3485 et
427 3435 615 3497 impedimentis
639 3440 788 3500 nursinum,
800 3449 930 3499 mineum
938 3436 992 3484 iliis.
1002 3436 1033 3482 lit
1043 3436 1133 3494 roqnoii
1140 3439 1168 3483 nt

86 3507 198 3555 calonum
214 3519 302 3568 aqmen
317 3507 442 3554 exereitus
452 3505 527 3565 paulo
537 3504 616 3552 serius
641 3511 742 3570 aperiret
755 3510 870 3557 Dominus
880 3506 957 3554 neuim
967 3505 1041 3554 Giesr'.
1055 3505 1086 3552 m
1095 3506 1171 3566 operti

86 3575 113 3623 in
133 3577 213 3625 aciem
233 3576 411 3634 descenderet,
432 3577 458 3623 ot
476 3574 616 3635 inequitare
641 3580 695 3626 suut
706 3579 767 3626 ocuti
783 3579 847 3637 ejus,
859 3579 881 3624 et
895 3577 952 3625 uidit
962 3577 1056 3637 plenum
1068 3576 1170 3622 montem

86 3645 163 3695 bostis
177 3657 246 3693 mora
264 3645 323 3693 beili
344 3644 487 3705 videretur,
506 3644 617 3693 desilivit
642 3648 705 3708 equis
720 3649 742 3694 et
758 3647 866 3694 sumbus
880 3646 906 3693 in
923 3647 1021 3692 circuitu
1037 3645 1125 3692 1111001.
1138 3643 1170 3690 ss

642 3717 732 3777 requeti
747 3716 845 3763 Elisoeus
861 3718 887 3762 ut
905 3716 1033 3774 percuteret
1048 3727 1087 3760 eos
1105 3715 1169 3760 Deus

109 3787 263 3833 'stiliconem
274 3785 365 3825 lionoril
378 3788 473 3824 luterem
485 3787 506 3823 el
517 3793 617 3823 socerum
642 3786 757 3843 caliate,
775 3786 797 3831 et
808 3785 911 3845 percussi
919 3785 986 3840 punt,
998 3784 1020 3830 et
1029 3781 1169 3829 introierunt

89 3842 188 3890 nanu.
643 3857 667 3902 n
678 3855 810 3911 unitatem,
822 3865 867 3914 quo
883 3853 1069 3913 inquirerentur,
1081 3861 1172 3908 nequo

110 3900 619 4002 fflfflfflwssfflmfflfflss„
643 3935 715 3984 quens
728 3924 838 3973 ndentes.
850 3919 958 3969 Audistis
969 3919 1050 3978 certe,
1062 3916 1171 3975 milites,

114 4012 196 4058 namqu
204 4010 308 4058 maian...
319 4037 322 4046 .
332 4037 336 4046 .
347 4037 351 4047 .
424 4007 499 4049 cnud.
509 4008 531 4048 ln
543 4005 595 4050 nur,
643 3991 687 4054 qul
695 3990 837 4043 circumtusl
846 3989 921 4051 estis,
931 3989 988 4050 qula
999 3987 1042 4035 ubi
1053 3984 1172 4047 peridis,
