2632 4784
438 357 681 408 unlsronnnuu
695 364 829 414 CLASSIS
843 365 877 411 11.
1154 361 1200 417 397

117 431 646 573 illl,illittllltlt‘ollllbl‘
779 487 970 540 nonnoni
994 488 1084 541 uss

338 635 416 650 ....,
670 607 761 656 11ομ1111
773 619 840 659 quare
853 609 895 648 Lex
909 610 967 649 viros
978 614 1034 649 vesco
1048 609 1165 658 mullebri,
1175 620 1200 651 nc

692 662 795 701 mulieres
808 664 865 701 rirtll
879 663 912 701 utt
927 663 1048 712 probibent:
1064 663 1175 713 respondn
1186 673 1201 702 ι

223 722 414 780 mmmm
434 728 541 783 mx·
693 719 771 753 sanun
783 716 805 754 n
817 717 944 765 abnorme,
956 718 1200 767 utoxumtblpusts-

692 768 810 815 telligiturc
823 770 911 809 feminus
923 772 993 807 tamen
1007 779 1122 817 virorum,
1133 777 1200 818 quan

118 835 228 888 Quidnam
243 837 299 875 Deus
307 837 389 878 nodab
398 841 551 880 interminatus
566 842 645 889 iuerll,
693 823 750 860 '¹¹⁰‘
760 823 892 862 ‘mmmm
905 826 989 863 ‘uuum
1003 835 1088 863 ’ΨΜ
1097 824 1200 863 mmm*

140 889 307 929 ‹ttccnstd'ossuns
321 895 476 938 solomonem.
491 900 509 934 ot
522 895 645 944 1111111111-
692 878 781 916 ¹¹⁰⁸²¹³
798 880 866 926 ¹⁶3⁸OE
889 882 959 927 P⁰¹ff¹¹⁸
978 890 1020 918 Μ
1042 880 1069 917 ‘¹⁸
1087 879 1200 925 ''mm'’

140 952 197 982 mm,
692 942 758 979 quum
767 932 897 971 decessibus.
909 934 953 972 Post
962 943 1013 981 qun
1024 935 1048 972 lu
1056 943 1090 973 sos
1097 959 1104 981 ,
1111 933 1196 984 quies-

254 1009 390 1061 Ambrosio
403 1012 515 1060 ltomulo.
691 986 753 1033 Ρωω
760 987 876 1035 1111111111
884 1013 891 1035 ι
899 988 1013 1026 invonitur

148 1115 172 1161 t,
182 1117 239 1163 cum
250 1117 283 1164 si,
293 1117 321 1164 in
332 1130 402 1178 agro,
411 1118 644 1178 mirorquamfione
754 1082 890 1132 Ambrosius
901 1085 994 1132 lrenaeo
1003 1084 1111 1133 satutem.

117 1184 148 1232 de
157 1198 196 1231 me
205 1187 364 1252 querendum
374 1188 514 1248 putaveris,
523 1201 567 1235 cur
575 1188 643 1234 dire·
700 1190 723 1236 l.
734 1192 887 1239 Penruusrr
898 1192 928 1239 ad
937 1203 977 1239 me
985 1191 1054 1252 quusi
1063 1191 1201 1250 ullusque·

116 1254 151 1301 rit
161 1255 228 1301 Deus
240 1267 247 1299 ε
260 1257 351 1303 Ponam
362 1259 444 1304 celum
454 1271 555 1315 ereum,
566 1260 588 1305 et
600 1261 644 1305 ter·
669 1255 755 1304 sivisse
776 1258 871 1318 aliquos
886 1259 917 1307 de
938 1260 978 1317 te,
1002 1258 1062 1318 quid
1074 1258 1121 1305 sibi
1138 1257 1201 1305 velit

116 1337 168 1370 rom
180 1324 288 1381 feneum·
299 1325 358 1370 Nom
368 1325 463 1384 species
475 1326 529 1384 ipsa
540 1325 606 1385 acri,
618 1327 642 1373 et
669 1325 733 1384 quod
753 1327 804 1374 tum
824 1340 912 1375 serere
932 1329 984 1375 Lex
1002 1327 1140 1375 immundos
1157 1337 1200 1374 sos

116 1402 223 1450 presens
244 1390 357 1440 fertilitas
383 1392 471 1442 docere
499 1406 543 1440 nos
564 1397 644 1454 potest
669 1392 1201 1454 dixerit,quialienisexusuterenturves·

115 1461 206 1518 quanta
217 1460 346 1510 clementia
358 1462 389 1509 stt
404 1463 482 1520 aeris,
498 1463 524 1510 et
539 1462 594 1510 ccutl
606 1463 643 1509 in·
668 1463 749 1522 tibus,
767 1466 808 1512 vel
822 1466 889 1512 viros
901 1466 997 1514 scilicet
1012 1466 1053 1512 sel
1065 1464 1200 1522 muliercs3

116 1526 254 1587 dulgentia,
265 1530 361 1590 quondo
372 1531 487 1588 cliguntur
496 1531 561 1576 oeus
571 1530 644 1577 uben
668 1531 702 1579 sie
713 1533 780 1579 enim
792 1534 955 1593 scriptumest
966 1546 973 1579 t
985 1535 1040 1581 iton
1050 1535 1094 1580 erit
1105 1545 1141 1580 res
1149 1532 1198 1579 oiri

116 1596 192 1644 tatem
203 1597 261 1645 dure
280 1611 286 1642 :
305 1599 401 1657 quaudo
412 1602 495 1646 nutem
511 1599 642 1657 sterilitas,
667 1612 736 1660 super
746 1603 879 1659 brutiorem,
894 1615 967 1662 oeque
978 1603 1085 1649 induetur
1097 1603 1135 1648 eir
1148 1604 1197 1650 sto-

116 1666 319 1725 qucmudnnoclum
336 1668 417 1712 clausa
434 1667 530 1724 omniu,
552 1668 643 1726 spissus
667 1670 714 1715 lain
726 1671 859 1716 muliebrem
865 1685 874 1729 ,-
893 1675 949 1730 qula
960 1670 1093 1717 immundus
1103 1671 1197 1716 estilo-

117 1746 174 1793 uer,
185 1738 212 1780 ut
221 1734 248 1780 in
259 1735 363 1793 rigorem
374 1735 428 1782 oecis
444 1734 561 1781 solidatus
571 1739 643 1793 puto-
668 1738 732 1782 mino
742 1740 832 1794 omnis,
844 1740 885 1797 qni
895 1741 976 1796 lecerit
987 1738 1044 1785 lnoec.

117 1801 166 1848 tur.
188 1802 258 1850 Unde
276 1801 335 1849 alibi
353 1802 429 1848 bobes
440 1802 498 1861 qula
516 1801 543 1847 tn
558 1801 644 1849 diebus
698 1803 722 1848 2.
741 1804 800 1850 Etsi
812 1817 871 1852 vere
887 1805 1017 1862 discuties,
1037 1804 1198 1861 incongruum

116 1871 194 1918 lleliae
205 1872 312 1918 clausum
324 1870 361 1918 est
372 1871 461 1917 eoelum
478 1869 549 1917 annis
564 1871 644 1919 tribus
669 1874 720 1930 est,
735 1873 800 1931 quod
819 1873 871 1933 ipsa
890 1874 965 1922 etiam
976 1873 1092 1920 abhorret
1101 1875 1197 1921 natura.

116 1942 143 1988 et
151 1939 276 1986 mensibus
286 1952 338 1986 sex.
667 1940 715 1986 Cur
730 1941 796 1987 enim
817 1940 889 1988 borno
905 1952 953 1988 uon
968 1941 1007 1988 uis
1025 1940 1106 1987 videri
1127 1952 1196 1999 esse,

145 2007 169 2056 2.
182 2007 336 2066 significatur
349 2006 423 2066 igitur
434 2007 542 2054 clausum
553 2005 642 2055 coelum
667 2008 732 2067 quod
743 2011 816 2057 notus
827 2008 867 2057 est
886 2022 930 2057 cur
946 2009 1051 2056 alionum
1068 2008 1115 2056 tibl
1125 2008 1197 2057 adsu-

116 2090 206 2127 erenm
225 2090 293 2137 esse,
311 2091 380 2125 usum
398 2077 437 2124 sui
455 2077 527 2124 terris
543 2089 641 2134 negare.
667 2077 1198 2136 mlssoeoiemtcurmontirislemtnam:vel
1248 2117 1253 2124 s

114 2147 291 2210 nemquoque
301 2146 379 2194 ierrea
387 2147 437 2204 est,
445 2157 501 2192 cuns
511 2148 643 2205 proventus
668 2148 708 2205 tu,
717 2147 821 2208 femina,
830 2147 926 2196 virumt
934 2149 988 2197 Suis
995 2159 1196 2208 unumquemque

116 2217 216 2275 abnuit,
236 2219 262 2263 et
277 2215 341 2274 iacta
352 2215 399 2263 sibl
415 2214 509 2261 semina
519 2215 642 2274 tamquam
666 2229 753 2265 serum
766 2219 846 2266 induit
854 2221 941 2267 nutura
953 2218 1110 2266 indumentis.
1121 2217 1197 2266 Deni-

116 2283 198 2333 hostili
216 2284 307 2332 duritia
324 2283 424 2345 genitali
444 2281 554 2329 excludit
568 2293 641 2341 arvo,
667 2299 714 2345 que
726 2287 837 2336 diversus
847 2301 919 2347 usus,
931 2288 1044 2336 diversus
1052 2288 1132 2347 color,
1144 2299 1196 2335 mo-

115 2354 270 2415 qucegremio
280 2351 445 2401 soletblundae
455 2349 539 2398 matris
549 2349 641 2397 lovere.
667 2358 720 2415 tus,
737 2356 862 2416 incessus,
879 2358 982 2405 diverses
1000 2359 1082 2418 uires,
1098 2356 1195 2407 diverse

113 2422 287 2481 Quandoeuim
295 2420 387 2469 terrum
394 2417 643 2479 tructidcutiquando
668 2438 715 2472 cor
727 2427 764 2474 cst
775 2425 800 2471 in
812 2428 864 2473 viro
875 2428 900 2473 et
912 2425 1013 2474 lomina.

117 2503 150 2539 ess
160 2491 251 2538 imbres
259 2488 369 2538 relaxati
696 2495 720 2540 3.
732 2493 780 2540 Sed
794 2494 869 2540 etiam
881 2495 907 2540 in
923 2494 1015 2553 reliqui
1025 2492 1123 2553 generis
1140 2493 1197 2542 uni-

146 2560 170 2606 s.
184 2560 227 2606 liis
238 2558 313 2620 igitur
322 2556 486 2606 miserandam
495 2557 584 2605 tamem
595 2556 642 2605 mi-
666 2563 1038 2624 mantibusntiaspeelesloonls,
1045 2563 1093 2609 eliu
1100 2563 1195 2622 lesnes,

116 2629 188 2678 natur
199 2630 296 2689 impiis,
312 2628 392 2690 utqui
408 2627 527 2687 pietatem
537 2627 641 2674 illiorum
667 2631 780 2688 attavis,
797 2631 861 2677 ullus
877 2642 950 2679 sonus
965 2644 972 2676 ι
987 2631 1035 2677 ulis
1049 2630 1128 2688 tauri,
1147 2631 1196 2678 sliu

116 2698 240 2746 communi
251 2698 360 2744 omnium
376 2696 479 2744 Domino
489 2698 514 2742 et
524 2695 587 2755 putri
599 2708 642 2743 ex·
667 2700 759 2746 vitute.
775 2700 802 2745 ln
818 2698 899 2746 cervis
909 2711 1005 2758 quoque
1027 2700 1145 2758 quantum
1157 2699 1196 2745 di·

117 2767 203 2814 hibere
224 2766 352 2825 neselunt,
373 2767 472 2813 careant
492 2765 641 2812 nutrimento
666 2767 1157 2827 statsexus,tuntumdiscrepatspeeies3
1169 2770 1197 2815 ul

116 2837 224 2897 paterne
244 2834 420 2897 indulgentie,
436 2835 469 2882 sit
485 2834 534 2882 illis
551 2834 640 2882 coelum
665 2848 707 2883 eos
718 2838 792 2883 etiem
803 2836 900 2884 eminus
910 2836 987 2896 possis
1001 2834 1149 2883 discerncre.
1166 2837 1195 2883 lu

115 2919 220 2966 eroum,
245 2908 358 2954 concreto
384 2915 458 2963 aere,
485 2904 511 2951 et
537 2903 640 2951 solidato
665 2906 751 2953 ovibus
770 2919 829 2954 vero
840 2908 914 2954 etium
924 2905 1026 2966 propius
1036 2905 1068 2952 ud
1078 2905 1196 2953 vestitum

114 2976 141 3023 in
151 2975 244 3024 metalli
261 2976 380 3037 rigorem3
398 2973 431 3022 sit
446 2973 496 3020 iltis
511 2973 578 3021 terra
589 2972 638 3019 ier·
666 2976 777 3022 est‘inter
786 2988 827 3023 eos
838 2976 863 3023 et
872 2976 983 3023 bomines
992 2976 1155 3034 temporatim
1167 2972 1195 3021 iu

114 3057 170 3103 reu,
194 3046 277 3104 partus
297 3056 353 3091 suos
376 3042 503 3098 nesciens,
529 3042 555 3087 et
572 3041 637 3099 quod
666 3043 715 3090 illis
726 3045 792 3090 enlm
808 3056 897 3090 sexum
912 3044 1034 3091 naturalia
1052 3045 1104 3102 ipsa
1120 3042 1194 3090 iudu-

115 3114 260 3174 plerumque
279 3111 360 3170 inopia
382 3109 488 3166 hubent,
507 3107 639 3155 discordias
667 3112 748 3157 ments
758 3112 909 3157 discernunt.
922 3113 979 3157 Paul
991 3124 1071 3157 mores
1081 3109 1195 3169 speciosi,

114 3194 209 3229 serens.
221 3181 298 3238 Rnpto
312 3178 379 3224 enlm
391 3177 507 3232 utuntur,
518 3175 560 3233 qul
573 3174 641 3220 victu
667 3177 764 3224 lemine
781 3190 828 3223 non
838 3177 897 3223 ilem
913 3189 1050 3236 pennarum
1062 3179 1194 3237 111τί0ρί11-

115 3249 242 3310 indigent3
260 3248 289 3294 ut
302 3245 391 3293 olienis
407 3241 542 3303 dispendiis
552 3241 641 3291 lumem
666 3245 856 3303 guntordecore.
867 3244 1197 3303 Fasiantsquoquediuersus

111 3332 181 3369 suam
199 3317 324 3365 ablevent.
667 3314 744 3372 color,
763 3314 805 3373 qui
825 3311 960 3372 distinguat
976 3324 1051 3359 sexus
1067 3313 1196 3362 diseretio·

143 3386 168 3433 b.
178 3388 232 3434 lom
240 3385 292 3433 siet
302 3379 588 3430 odensninhsbitantlum
597 3378 642 3427 hu·
667 3395 732 3430 nem.
743 3382 807 3440 Quid
819 3382 843 3428 in
857 3378 946 3441 pullis?
957 3380 1137 3438 Quumceuora
1148 3394 1196 3429 vox

113 3456 219 3516 jusmodi
236 3455 281 3514 sit,
299 3455 326 3501 ut
337 3453 419 3500 divina
432 3449 594 3497 commotione
612 3450 642 3495 iis
666 3451 737 3511 galli,
750 3448 1196 3498 nocturnisuicibussolemnemunus

115 3523 355 3584 interanturpraelia,
366 3532 424 3567 nece
432 3522 495 3566 terra
505 3521 541 3566 est
552 3518 641 3575 terrea,
667 3521 697 3567 ad
703 3520 862 3568 excitandum
869 3522 895 3567 et
902 3517 1039 3566 cauendum
1046 3517 1196 3564 ministrans?

115 3598 220 3645 telorum
236 3593 362 3654 segetibus
380 3590 524 3647 inhorrens,
545 3590 570 3634 et
592 3586 642 3634 suis
667 3589 789 3649 Numquid
806 3589 848 3634 illu
869 3588 966 3635 mutant
983 3586 1092 3645 speeiem
1109 3585 1195 3633 suurn?

113 3665 178 3714 nudo
198 3663 331 3721 fructibus,
349 3659 460 3707 ioecundo
480 3657 511 3704 ud
530 3668 641 3717 punam,
666 3659 766 3707 curuos
781 3659 876 3704 mutare
888 3653 1071 3704 desideramusl

114 3734 205 3785 sterilis
215 3734 246 3780 sd
256 3730 406 3780 abmonium.
419 3724 465 3774 Ubi
474 3726 557 3772 nutem
565 3724 638 3771 ebun-
695 3727 719 3775 t.
730 3728 759 3774 rt
774 3726 874 3786 quidem
885 3738 963 3787 graeco
974 3738 1041 3773 more
1052 3723 1154 3772 intluxit
1169 3726 1196 3771 ut

114 3800 211 3850 dontiui
222 3804 280 3849 Eoos
291 3813 331 3861 coo
341 3799 396 3860 pluo
408 3793 473 3843 vobio
481 3806 554 3854 pones
560 3824 569 3850 ,
587 3793 642 3840 dicit
667 3799 765 3846 lemine
781 3797 893 3844 virilibus
903 3797 972 3855 quasi
990 3793 1194 3842 succinctloribus

114 3872 237 3921 Dominus.
249 3870 322 3928 vele,
333 3869 359 3916 et
368 3877 412 3913 nos
428 3862 516 3923 dilisse;
527 3860 585 3923 qutu
598 3871 642 3910 nos
667 3865 757 3915 tunicis
767 3867 877 3912 utantur.
890 3866 944 3911 Esto
954 3866 1035 3910 temen
1045 3862 1129 3909 utillae
1141 3861 1196 3906 iuni·

114 3942 141 3988 to
151 3940 284 4001 diligimus.
667 3938 712 3984 torl
723 3935 853 3983 rideantur
862 3932 971 3980 melioris
981 3943 1056 3978 sexus
1067 3930 1193 3987 naturum,

357 4005 409 4017 ““
667 4003 727 4065 quid
745 4002 793 4050 viri
803 3999 926 4048 interioris
944 4010 1019 4047 sexus
1029 3996 1126 4045 merutirl
1138 4009 1196 4058 spo·
