2632 4784
123 326 168 375 {62
510 325 640 374 sideri
661 323 832 373 AUBROSH

147 411 187 461 bt.
198 410 300 473 Singula
317 408 393 471 igitur
408 408 651 470 singulisadstruun·
677 408 779 456 tretaeta
804 406 954 468 solidentur,
973 404 1087 470 dispersa
1110 400 1207 471 coeant,

118 484 165 528 tur.
177 481 267 528 'lrlbus
282 481 364 528 tamen
376 479 517 528 evidentius
528 478 651 536 colligitur
675 477 785 524 absumta
795 477 1009 538 reperentur3uou
1018 478 1206 541 mirarisquem-

116 548 307 597 resurrectionis
315 548 389 607 tides,
398 546 487 607 quibus
496 546 576 594 omnia
585 556 650 592 eom·
674 546 803 593 admodum
817 546 910 595 semiue
922 558 1016 609 vapore
1031 549 1059 597 et
1068 561 1206 610 compressu

116 616 309 677 prebenduutur
327 629 335 661 a
351 616 461 674 ratione,
481 611 649 661 universitatis
673 612 745 660 terras
764 615 843 662 soluta
863 614 1025 663 viridescant.
1037 616 1100 663 liam
1121 618 1203 678 utique

118 686 248 746 exemplo,
267 685 408 732 testimonio
427 684 464 731 rei
487 683 575 743 gestaeq
591 681 648 741 quia
673 682 748 729 etiam
768 682 821 743 ipsa
841 685 941 732 terreno
959 685 1053 732 coalitu
1071 686 1205 746 putretueta

115 755 219 814 plurimi
228 755 397 801 surrexerunt.
409 753 480 799 ilatio
489 749 647 807 evideusest3
672 750 814 811 solvuntur,
826 752 852 797 el
868 763 924 798 suus
940 755 1062 800 occaecata
1072 756 1100 801 et
1113 758 1204 804 mortus

117 823 174 882 quia
192 836 249 870 cum
268 822 348 868 omnis
367 822 424 868 ritus
443 822 531 867 nostrae
546 832 603 866 usus
621 818 647 864 in
672 817 716 864 soli
732 819 847 878 genitalis
864 832 952 869 succus
970 822 1136 884 animaverit,
1147 836 1204 884 quo

116 891 368 951 eorporlsauimaeque
380 888 648 946 eousodiosit,resur·
672 885 727 932 dam
748 887 828 935 calore
846 887 918 936 vitali
940 889 1059 949 spiritum
1076 892 1203 950 quendam

116 961 194 1007 rectio
209 961 292 1007 nutem
309 958 420 1005 autbodi
435 957 504 1003 actus
519 955 645 1015 praemium
672 953 755 1001 herbae
763 955 893 1005 viridantis
903 957 1032 1005 exbalaut.
1042 958 1141 1008 uersus
1147 973 1204 1021 pau·

115 1024 217 1086 babeat,
235 1026 277 1072 aut
292 1038 391 1085 pernam
412 1023 534 1084 improbi3
544 1035 646 1070 neeesse
671 1022 740 1069 latiur
755 1024 867 1072 teneram
883 1025 957 1085 spicae
969 1024 1137 1076 adolescentis
1147 1032 1203 1077 aets·

116 1093 149 1142 slt
166 1106 254 1154 eorpus
271 1105 414 1152 resurgere,
434 1092 503 1149 euius
521 1093 590 1139 aetus
601 1102 647 1137 ex·
670 1092 721 1139 tem
730 1092 810 1139 culmo
821 1092 1202 1157 erigit,etragtulsquibusdaur

116 1161 240 1222 penditur.
252 1162 377 1220 Quomodo
392 1160 459 1208 enlm
479 1160 505 1206 in
525 1159 645 1217 iudicium
670 1159 985 1220 naturalemquamsedula
994 1164 1201 1226 materiueiudil;

115 1230 243 1277 vocabitur
255 1232 335 1277 suima
354 1229 408 1276 sine
420 1240 535 1288 corpore,
547 1240 602 1276 euru
615 1228 645 1274 de
671 1236 702 1272 ue
712 1225 890 1285 pubescentem
900 1227 992 1288 glacies
1006 1226 1096 1277 adurat
1108 1244 1201 1295 aspera,

115 1308 160 1346 suo
170 1301 197 1348 et
210 1300 319 1359 eorporis
336 1295 500 1346 coutubernio
511 1296 644 1357 ratloprae·
670 1294 743 1353 atque
761 1305 776 1341 a
792 1294 871 1344 uimlo
888 1296 949 1345 solis
967 1296 1088 1347 defendat
1099 1301 1200 1349 ardore:

116 1367 202 1414 alauda
212 1365 264 1414 siti
671 1360 764 1422 frugem
779 1376 877 1425 quoque
888 1365 966 1426 ipsam
978 1365 1061 1415 adhue
1070 1368 1141 1429 qussi
1152 1372 1200 1430 pri-

146 1436 187 1483 be.
210 1436 365 1484 Resurrectio
386 1435 499 1483 omuibus
522 1432 645 1482 adtributa
671 1431 718 1479 mis
728 1435 898 1494 erumpentem
909 1434 1123 1495 euuabuils‚urox
1134 1438 1201 1486 adul·

118 1502 156 1550 est
174 1516 181 1550 ε
198 1504 242 1552 sed
261 1505 316 1552 ideo
334 1504 437 1552 dillielle
453 1503 570 1562 ereditur,
587 1502 645 1563 quia
671 1501 719 1547 lam
738 1513 770 1550 ne
787 1504 869 1563 pluria
889 1503 1020 1564 decutiat,
1037 1518 1070 1553 ne
1087 1518 1148 1554 sura
1164 1508 1200 1555 di·

115 1581 166 1618 nou
176 1575 285 1620 nostrum
302 1574 429 1633 meritum,
442 1570 541 1621 sedbel
555 1582 646 1619 munus
670 1572 780 1631 spergat,
790 1582 822 1618 ne
833 1571 916 1619 arium
926 1572 1051 1620 minorum
1062 1585 1157 1621 morsus
1166 1578 1200 1624 iu·

116 1640 164 1688 est.
182 1639 263 1689 Prima
282 1642 361 1703 igitur
379 1640 568 1690 resurrectionis
585 1640 646 1687 tides
671 1638 782 1698 terimat,
804 1639 870 1687 vallo
886 1640 1018 1688 aristarum
1042 1641 1127 1702 sepire
1145 1656 1199 1693 eou-

115 1720 176 1758 usus
186 1711 224 1759 est
237 1712 337 1772 muudi,
353 1723 485 1772 rerumque
500 1710 577 1759 status
592 1721 645 1756 om·
670 1707 760 1756 suerit.

116 1777 200 1841 ulum,
211 1780 398 1840 generationum
410 1779 501 1840 series,
511 1777 645 1827 successio·
700 1775 739 1823 tltl.
756 1776 820 1836 Quid
831 1776 908 1839 igitur
923 1778 1023 1828 miraris
1040 1779 1062 1828 sl
1072 1780 1198 1843 bomtues,

115 1854 177 1892 num
194 1848 263 1895 vises
274 1847 356 1895 obitus
373 1848 489 1907 ortusque
505 1846 644 1904 signorum,
669 1856 729 1903 quos
752 1847 889 1908 acceperit,
907 1848 973 1895 terra
996 1849 1127 1909 restituut3
1146 1864 1198 1899 euru

115 1910 166 1959 dlel
178 1914 205 1961 et
219 1916 298 1964 uoeiis
316 1927 427 1974 occasus,
438 1924 573 1972 eommque
586 1924 644 1972 quo·
669 1912 790 1962 seminum
803 1928 902 1976 corpora
912 1929 1076 1979 quaecumque
1087 1932 1200 1982 suseepe·

115 1980 178 2029 tidie
187 1985 312 2044 tamquam
320 1983 432 2031 rediviva
440 1980 645 2030 successio.l'em-
669 1980 715 2042 rit,
732 1982 854 2043 vivificet,
865 1986 957 2045 erigat,
973 1985 1081 2047 vestiat,
1092 1989 1201 2049 muniat,

116 2051 255 2107 peramouti
264 2062 361 2113 quoque
370 2050 484 2111 genitalis
492 2048 644 2107 butuslerrn
669 2050 742 2110 atque
758 2051 890 2100 delendatl
903 2055 991 2101 Desine
1010 2066 1068 2116 ergo
1088 2056 1198 2107 dubitare

117 2116 192 2164 aliter
209 2119 272 2166 ratio
295 2120 394 2167 subesse
412 2131 462 2166 nou
482 2120 578 2180 posset,
596 2117 643 2165 uisi
668 2119 879 2181 quoddeposilum
891 2124 989 2183 generis
1009 2124 1115 2172 bumaui
1133 2129 1199 2175 terre

116 2180 226 2231 bumoris
236 2184 314 2245 ipsius
330 2197 380 2245 quo
391 2187 473 2232 omniu
492 2187 589 2233 terrena
600 2196 644 2243 ge-
669 2187 728 2234 ddeo
737 2189 836 2249 reddat,
847 2204 902 2252 quae
917 2192 1092 2241 eornmendata
1102 2194 1150 2243 sibl
1161 2208 1198 2243 se·

116 2253 249 2308 ueraulur,
267 2257 386 2312 quantum
403 2253 486 2301 diurni
503 2252 644 2300 soirsestus
668 2256 734 2303 mina
751 2260 861 2306 usurario
880 2260 986 2321 quodem
1005 2260 1103 2310 loeuore
1120 2265 1200 2312 multi·

116 2321 280 2380 excoqueret,
292 2323 387 2369 tautum
400 2335 455 2370 rore
465 2324 584 2369 uorturno
595 2322 644 2370 dis·
667 2325 757 2383 plicato
764 2328 886 2376 restituat.
893 2330 952 2376 liam
961 2329 1022 2390 quid
1029 2329 1061 2377 de
1068 2333 1200 2391 generibus

115 2385 205 2444 positio
220 2388 305 2436 dirlua
315 2392 449 2450 repararet.
466 2391 525 2437 dam
535 2390 595 2449 quid
612 2390 643 2437 de
668 2393 781 2441 arbomm
792 2396 893 2457 loquar,
901 2410 956 2458 quus
966 2398 1046 2458 posito
1056 2401 1199 2461 surguotde

115 2452 238 2505 inrotibus
248 2457 351 2517 lmuurl
367 2459 451 2506 Nouus
467 2457 512 2505 tibi
529 2458 644 2505 videntur
667 2462 777 2522 semine,
795 2464 938 2527 tractusque
955 2467 1078 2515 resolutos
1089 2469 1198 2519 redirira

116 2523 242 2586 occidere,
266 2539 323 2575 eum
342 2527 482 2576 desidunt:
502 2539 642 2585 resurgere,
668 2530 827 2581 fecunditate
845 2536 1007 2595 resuscitant,
1019 2538 1045 2582 et
1061 2535 1146 2586 lormae
1157 2551 1199 2586 ve·

115 2603 172 2639 oum
183 2594 354 2644 revirescunt!
365 2597 433 2655 Quod
449 2597 528 2644 satum
544 2596 593 2654 est,
606 2607 643 2641 re·
668 2599 714 2645 leri
725 2601 799 2661 alque
818 2602 920 2664 imagini
936 2616 986 2651 suu
1003 2604 1126 2665 reddunt,
1136 2607 1199 2654 mul·

114 2662 192 2720 nrrgit
202 2677 209 2710 z
218 2664 282 2724 quod
294 2667 416 2714 mortuum
428 2667 479 2724 est,
488 2664 605 2723 resurgit3
618 2666 643 2711 et
668 2668 752 2728 iusque
760 2672 845 2719 aetates
855 2672 965 2733 quasdam
974 2674 1093 2720 arborum
1101 2687 1198 2735 corpora

114 2729 142 2776 lu
161 2733 247 2779 eadem
266 2748 371 2794 genere,
390 2735 417 2782 in
432 2735 530 2782 easdem
548 2734 643 2795 speeies
667 2740 777 2795 reparata
788 2739 972 2798 transmittuni;
984 2740 1013 2785 ut
1024 2740 1080 2801 ipsa
1090 2742 1197 2790 duraudo

113 2799 271 2849 reformetur.
284 2805 332 2850 ilos
343 2807 406 2851 terra
417 2804 524 2864 primum
535 2803 641 2852 reddidit
667 2804 766 2852 rirroaut
785 2807 891 2856 saule!
916 2809 1061 2856 Putresoero
1086 2809 1198 2858 videmus

113 2862 222 2927 noctus,
241 2869 268 2915 iu
279 2871 317 2917 bis
334 2873 440 2930 primum
458 2874 544 2920 nalum
562 2874 642 2920 nostru
667 2873 779 2936 acinum,
791 2877 868 2924 vllem
879 2889 1024 2937 resurgere:
1035 2880 1197 2926 surculusiu-

114 2934 222 2992 speolem
234 2940 421 2988 resurrectionis
431 2940 527 2988 imitata
538 2941 584 2989 est.
666 2942 769 3002 seritur,
779 2945 851 2991 arbor
866 2944 1010 2991 renascitur.
1022 2945 1060 2992 bu
1078 2946 1109 2994 de
1127 2958 1198 3006 repo·

144 3000 183 3048 oo.
195 3004 260 3062 Quid
278 3007 375 3056 dubitas
393 3009 424 3057 de
443 3022 543 3070 corpore
555 3022 642 3069 eorpus
666 3012 882 3061 randisarboribus
891 3014 975 3061 diviua
986 3014 1025 3061 est
1032 3015 1196 3076 providentia,

114 3073 262 3129 resurgeret
282 3076 389 3126 Granum
412 3079 516 3136 seritur,
541 3090 640 3138 granum
666 3079 696 3124 de
720 3081 860 3129 hominibus
877 3083 945 3129 nulla
964 3082 1041 3129 curat
1059 3084 1089 3131 Et
1107 3084 1150 3143 qui
1168 3096 1195 3131 ea

113 3139 219 3199 resurgit
230 3155 237 3189 a
248 3156 348 3204 pomum
366 3148 472 3205 decidit,
484 3158 583 3206 murum
601 3160 641 3192 re·
665 3162 720 3207 qum
738 3150 767 3195 ad
784 3163 843 3198 usus
862 3151 989 3198 bominum
1008 3151 1093 3212 dedit,
1111 3154 1192 3211 perire

113 3208 205 3267 suigil,
216 3212 259 3258 sed
270 3213 329 3261 llere
345 3229 446 3275 granum
461 3214 583 3273 induitur,
594 3213 640 3261 loi-
666 3230 713 3263 rum
724 3231 809 3278 passus
821 3220 872 3279 est,
881 3221 1009 3267 bominem
1019 3221 1103 3281 perire
1115 3221 1194 3281 palie·

113 3274 235 3338 lleuloqoe
246 3283 350 3330 vestitur
360 3298 366 3329 ε
376 3286 405 3331 El
415 3285 457 3330 boo
466 3284 563 3328 eserieie
574 3296 641 3341 opor·
666 3290 719 3343 ior,
730 3300 803 3346 quem
814 3289 843 3334 ad
855 3289 988 3349 imaginem
999 3289 1035 3335 sui
1048 3289 1124 3337 iecit!

113 3346 145 3392 tel
163 3349 257 3398 insidere
274 3353 520 3408 lesmor-lelitdtcm,et
531 3351 573 3398 isos
590 3368 641 3398 cerr*-
695 3357 733 3402 57.
748 3357 794 3404 Sed
812 3358 957 3404 incredibile
976 3359 1021 3405 tibi
1041 3359 1156 3420 videtur,
1167 3360 1194 3406 ut

111 3416 220 3475 reptibile
244 3421 339 3468 iraduere
361 3423 566 3480 incorruptionem.
586 3423 640 3468 rim
665 3426 752 3473 mortui
770 3427 919 3475 reviviscant
939 3440 945 3473 :
963 3429 1087 3488 insipiens,
1105 3432 1131 3475 le
1149 3432 1193 3490 ipss

112 3489 300 3538 resurrectionis
308 3490 478 3539 immortalitas
489 3492 538 3551 est,
548 3492 592 3538 llos
603 3506 640 3539 re
664 3497 725 3554 quod
738 3498 852 3551 asininos,
867 3509 943 3543 norisio
953 3499 1019 3556 prius
1038 3499 1142 3543 moriter
1149 3529 1157 3553 ,
1168 3497 1194 3542 sl

112 3558 271 3606 surrectionis
281 3559 432 3619 incorruptio
443 3561 488 3608 est.
498 3562 560 3619 Quid
574 3564 638 3609 enlm
666 3565 809 3623 ditificetori
831 3566 889 3612 Sere
914 3565 1053 3625 quemlibet
1087 3566 1191 3612 trucium

111 3620 212 3673 uberius
222 3628 306 3688 quieto
316 3629 519 3690 perpetuatquid
531 3631 639 3691 loeuple—
664 3633 787 3692 arentem,
804 3635 970 3681 resuscitatur.
987 3634 1035 3681 Sed
1052 3634 1129 3682 babel
1139 3647 1192 3680 suo·

110 3687 162 3736 uus
173 3698 304 3745 securitate
324 3698 457 3745 diuturna?
469 3698 514 3745 llic
527 3702 562 3745 est
575 3701 639 3746 irrisi·
664 3715 729 3748 crim.
752 3703 782 3750 Et
804 3704 913 3749 nostrum
936 3714 1026 3762 eorpus
1042 3702 1118 3749 babet
1138 3713 1192 3748 san-

109 3754 192 3815 tlplex
208 3761 312 3822 tructus,
323 3766 393 3824 eujus
404 3766 523 3824 promotu
534 3766 638 3823 pullulat
663 3773 763 3831 guinem
778 3783 863 3830 suerso,
878 3771 953 3817 babet
970 3771 1102 3817 humorem
1112 3781 1190 3818 suum.

109 3822 246 3877 toeeundior
256 3832 384 3880 bominum
403 3836 489 3879 natura
504 3836 559 3892 post
576 3847 639 3882 uror·
664 3840 789 3887 illerrostri
799 3837 1191 3899 sueeusestcorporls.lludeillud

109 3895 169 3946 tem.
663 3920 759 3967 quoque
771 3907 897 3965 explosum
914 3907 1034 3965 arbitror,
1045 3908 1112 3967 quod
1123 3917 1192 3954 areu-

141 3965 180 4014 55.
198 3969 245 4019 Sed
261 3971 356 4021 miraris
372 3973 576 4035 quemadmodum
592 3987 637 4037 pu·
664 3977 712 4023 tem
729 3976 854 4023 surculum
866 3974 966 4034 quidam
983 3976 1135 4023 reviviscere
1150 3987 1192 4022 ue·
