2632 4784
114 373 160 420 tlt
495 375 619 422 sartari
634 375 801 421 subarrata

114 468 189 517 qnam
199 456 323 505 introeant
332 456 477 505 obstetrices
487 457 520 513 ad
530 470 580 506 eas.
591 457 640 516 Qui
667 457 729 518 nm,
740 471 790 506 uon
800 456 913 519 adstrrro,
923 470 970 507 uec
985 470 1075 507 verum
1086 460 1199 513 arbitror.

114 525 182 574 iocus
192 527 220 575 ut
230 526 352 587 superiori
363 526 433 575 utilis
443 526 474 574 ad
484 527 642 575 Hebraeorum
667 525 715 576 Sed
725 528 784 589 quia
792 527 949 589 pleraquead
957 529 1071 589 speciem
1083 528 1198 590 Mune,

115 594 236 655 salutem3
262 595 296 643 ita
318 596 415 656 reliqum
435 590 590 657 cordnqosus
611 594 643 642 ad
667 596 1198 658 uonadrerltatemrcterrorisqraliaoom-

114 663 275 712 obstetricum
300 665 390 724 tidem,
419 678 474 726 qua
503 664 643 714 didicerunt
667 666 738 726 plura
757 665 901 727 trequenter
916 664 1098 727 pretendimru
1116 664 1127 729 (
1143 667 1197 715 suut

113 732 215 781 mentiri
225 745 270 794 pro
280 733 372 794 alate,
383 735 410 782 et
418 734 504 782 tallere
512 745 557 795 pro
564 744 642 783 excu·
667 733 735 781 enim
754 734 798 794 qul
815 733 926 783 nesciant
942 735 1012 783 recte
1031 734 1131 793 lacem,
1150 735 1197 784 uisi

113 800 217 851 name.
236 827 244 841 ·
667 799 1198 864 metupmumtreliuquamusbociilisquas

146 871 185 919 ll.
196 872 260 932 Quid
267 872 458 935 lqitursuspecta
468 874 493 923 et
502 873 642 934 dubia'csp·
666 883 716 921 uon
733 872 882 920 verecundia
899 872 1000 920 revocat
1017 883 1032 920 a
1049 873 1136 933 lapsu,
1152 872 1194 920 ssd

114 940 209 1002 tamus3
228 955 284 991 cum
302 944 394 1003 maiora
411 944 461 992 sint
477 943 527 990 alia
546 943 642 991 exauri-
667 940 733 988 solus
748 939 847 999 iniurias
867 938 976 989 deterret
1001 941 1086 989 motus
1105 952 1113 989 s
1132 939 1196 1000 apud

114 1009 202 1058 mdes
213 1010 324 1060 veritatis
334 1010 480 1060 documenta
498 1011 524 1058 et
534 1009 643 1059 testimo·
666 1021 728 1071 quas
741 1010 810 1059 nulla
831 1022 890 1058 cura
908 1009 1009 1071 pudoris
1031 1009 1061 1059 et
1078 1010 1196 1060 emam

113 1077 174 1137 uia,
185 1077 211 1126 in
223 1077 313 1139 quibus
323 1081 477 1141 expressiora
487 1079 593 1140 insignia
601 1079 642 1128 rel
667 1079 759 1141 mata,
769 1078 813 1128 sed
826 1090 906 1140 pmum
915 1077 990 1127 timor
999 1079 1048 1127 est.
1060 1078 1196 1139 ltelinqua·

115 1146 229 1195 temerati
244 1148 342 1208 pudoris
356 1149 421 1198 sinti
437 1148 503 1208 Quid
520 1149 587 1197 enlm
605 1150 643 1197 est
668 1146 983 1208 musreruaculis,quibus
992 1146 1197 1195 immidoestde·

114 1213 180 1276 quod
189 1216 267 1277 matis
275 1217 403 1278 publicum
411 1216 456 1278 sit,
466 1229 541 1278 quam
551 1217 642 1265 oileusa
667 1215 886 1278 prebendimaqis,
894 1215 1197 1276 quampoeosmbsita

113 1284 258 1344 ramosas
268 1286 566 1348 dederatlorquiultatlst
576 1285 642 1334 illbil
667 1283 763 1344 rirelus
778 1296 861 1345 sacra,
872 1285 901 1333 ut
910 1282 1071 1333 obstetricem
1080 1284 1195 1332 asserite

114 1353 226 1413 proiecto
237 1356 301 1417 quod
315 1356 392 1418 magis
409 1368 437 1405 ss
450 1357 552 1417 prodat,
567 1367 642 1416 quam
666 1354 751 1413 partas
767 1352 886 1414 putatur,
903 1352 930 1401 et
947 1352 1090 1401 remedium
1106 1352 1195 1400 dolum

114 1422 235 1475 castitatis
248 1425 414 1486 dispendium.
424 1425 548 1474 lummcit
557 1427 642 1484 airus,
666 1420 1059 1483 ducitunuouexamoopudoris.
1067 1421 1197 1483 Relinqua-

115 1490 142 1538 et
152 1489 308 1554 incedentem
315 1493 389 1542 retus
397 1494 434 1543 sui
444 1506 519 1541 onera
528 1496 641 1553 qrarant3
667 1503 722 1542 mus
732 1493 807 1540 etiam
814 1492 879 1552 illis,
890 1491 912 1541 si
919 1504 974 1553 quaa
984 1492 1105 1552 gravibus
1120 1501 1193 1552 appe·

114 1558 145 1606 ut
161 1561 374 1619 praetermittamus
389 1562 452 1623 alia,
464 1563 643 1623 quibusserel
667 1561 719 1610 titre
729 1562 873 1622 calumniis,
891 1572 1013 1622 oppressae
1027 1559 1193 1620 testimoniis,

114 1628 444 1690 ooapmditsonseieutts.
667 1630 823 1691 strangulata
840 1629 1003 1691 argumentis,
1024 1629 1058 1677 ad
1073 1629 1100 1677 id
1111 1629 1194 1677 coutu-

146 1697 185 1745 it.
205 1700 235 1748 st
245 1698 308 1749 torte
319 1699 457 1749 stsrilitatis
472 1701 576 1751 obtentu
586 1700 642 1750 abs-
666 1699 750 1760 qiaut,
767 1700 795 1747 ut
808 1711 835 1748 ss
845 1699 947 1748 oderant
964 1697 1136 1758 inspectioni,
1149 1710 1198 1759 quo.

115 1767 188 1816 oondi
197 1769 222 1816 io
233 1768 357 1830 aliquibus
369 1770 584 1832 possitflaqitium.
595 1771 642 1820 llic
667 1769 706 1817 rel
715 1768 823 1831 corporis
830 1769 946 1830 probetur
953 1767 1078 1828 eustodia3
1087 1767 1109 1815 sl
1117 1768 1194 1815 &msa

114 1847 241 1887 varocum
257 1838 338 1888 editus
353 1839 437 1900 partus
455 1843 481 1889 et
499 1841 641 1902 expositus,
667 1838 819 1898 deprehendi
830 1840 923 1899 potest,
935 1837 1064 1900 lnqulbus
1072 1838 1195 1897 natatpu·

114 1905 157 1953 rel
168 1905 354 1968 necatustdom
367 1907 468 1955 iuridlae
479 1910 557 1970 maqls
568 1922 642 1971 quam
667 1907 733 1955 doris
742 1909 834 1969 qratia,
852 1909 879 1957 et
895 1909 1026 1968 disciplina
1036 1906 1192 1968 inserueris

114 1974 253 2035 probationi
261 1976 591 2038 consuliturldissipatusslt
598 1992 643 2040 per
667 1976 740 2025 ilaue
755 1986 848 2025 roman
863 1990 890 2026 se
904 1976 980 2025 babet
990 1988 1078 2036 caum,
1096 1974 1140 2023 ubi
1157 1986 1196 2034 po

115 2053 188 2092 aures
197 2046 381 2104 universorum,
399 2046 550 2107 sbanqulata
562 2048 599 2095 est
610 2048 642 2094 li·
667 2045 715 2092 tior
724 2046 763 2093 est
777 2046 870 2106 camis,
881 2058 955 2106 quam
966 2047 1059 2094 mentis
1072 2056 1192 2107 prmroqa·

115 2111 197 2162 bertas
205 2115 425 2176 calumniaremur
437 2117 542 2177 peperit.
550 2118 642 2179 Nempe
667 2112 727 2161 tirs.
752 2114 814 2162 italo
833 2127 930 2163 morum
953 2115 1097 2176 simacalo,
1123 2126 1194 2175 quau

114 2181 219 2231 Veronae
237 2182 297 2244 tuit,
320 2184 446 2233 visebatur
465 2185 608 2247 freqdenter
627 2199 641 2235 a
666 2182 774 2242 eorporis
784 2183 889 2232 claustro
897 2183 1068 2244 virginitatem
1080 2182 1193 2243 exprimi.

98 2248 253 2312 uqululbus
274 2254 300 2300 et
320 2254 480 2314 mulieribus3
502 2254 529 2302 in
548 2256 641 2304 honore
697 2249 1196 2312 it.tamilludpraeslamm,quodscrip

115 2317 288 2381 enimsemper
296 2323 357 2369 erat.
367 2321 553 2371 Visebatureta
563 2336 642 2372 sacer·
666 2318 720 2373 aisti
731 2320 881 2369 insinuatum
893 2320 939 2368 tibi
951 2333 965 2368 a
975 2320 1126 2381 quibusdam
1135 2317 1196 2380 aad

114 2386 212 2437 dotibus
223 2389 642 2454 propterpudicitiaerererentiam,
667 2399 821 2448 nequaquam
829 2389 874 2437 tibi
884 2388 1196 2449 communicarentsieau

115 2456 278 2517 etgravitatis
288 2461 426 2519 speculum.
443 2460 569 2519 Quomodo
584 2475 641 2523 ergo
666 2456 720 2504 sino
730 2457 871 2506 visitatione
880 2458 1064 2519 suscipiendam
1075 2457 1195 2506 crederes.

114 2526 196 2586 potuit
212 2529 325 2576 occulere
346 2528 452 2589 crimen,
473 2530 537 2590 quod
557 2543 583 2578 se
601 2532 641 2579 vel
667 2527 1197 2588 ErcoiodicandiaccepistitermulamQua·

114 2594 198 2655 specie
219 2597 257 2643 sui
278 2597 408 2657 proderett
434 2599 558 2656 Quomodo
578 2600 642 2649 texit
667 2594 1100 2656 lesiili‚qu1v01unspraesrrinere
1118 2607 1197 2643 sacer·

114 2663 229 2712 uterumi
239 2667 359 2726 quomodo
371 2679 418 2713 non
435 2667 526 2728 roiuqit
541 2668 642 2728 adspec-
667 2663 764 2712 dotibus
774 2665 833 2725 quid
847 2665 917 2726 sequi
929 2665 1065 2713 debeamus
1076 2664 1087 2712 t
1099 2665 1196 2711 Libera·

113 2734 167 2780 tum
189 2736 335 2794 mulierum,
363 2736 446 2783 oculos
466 2738 642 2785 seruandum?
666 2733 1197 2795 rimusitaqueleaccquitionisqrarissiuae

113 2802 235 2861 quomodo
251 2803 388 2862 parturiens
406 2816 492 2850 rocem
510 2806 642 2864 repressit?
667 2803 826 2862 necessitate,
838 2816 870 2852 ne
879 2816 980 2852 necesse
991 2804 1100 2859 haberes
1109 2804 1196 2851 iormu·

113 2869 164 2918 Sed
181 2871 227 2919 boc
247 2884 296 2919 non
317 2873 488 2933 patiturdolor
505 2889 512 2919 r
532 2875 640 2935 deniqne
667 2872 714 2918 tam
725 2873 862 2921 mandatam
873 2873 987 2933 exsequi.
999 2872 1066 2931 Quid
1079 2871 1195 2920 nobislu-

113 2938 241 2999 seriptum
258 2941 302 2987 bos
319 2941 440 2988 maximos
457 2942 519 2990 dicit
529 2943 640 3006 dolores,
667 2941 748 2987 turum
761 2944 811 3000 est,
829 2942 872 3002 qui
884 2954 969 2989 eorum
985 2941 1079 2990 studiis
1089 2954 1138 2990 uou
1153 2943 1195 2990 ob

112 3007 158 3068 qui
166 3008 223 3056 sunt
232 3009 401 3070 parturientis.
413 3009 453 3058 Sic
461 3012 538 3072 euim,
550 3012 640 3074 inquit,
667 3009 875 3070 temperavimus?

112 3074 172 3125 Dies
182 3077 371 3135 Dominisubito
383 3079 464 3142 venit,
481 3082 507 3128 et
524 3081 641 3141 improri·
696 3080 734 3126 ib.
756 3079 804 3128 Sed
823 3083 907 3128 tamen
924 3082 975 3129 scio
997 3083 1050 3130 illic
1066 3082 1198 3143 plerosquo

112 3146 247 3208 susadest,
265 3149 294 3196 ut
312 3149 381 3196 dolor
390 3151 486 3210 partus,
503 3151 545 3210 qui
563 3152 641 3198 inter·
666 3159 735 3207 esse,
753 3150 797 3210 qui
814 3150 917 3196 timeant
932 3150 1076 3197 Dominum.
1095 3152 1155 3197 ltam
1171 3149 1197 3197 st

112 3215 191 3266 cludit
199 3217 281 3266 omnia
291 3217 381 3278 eilugla
391 3217 563 3267 delitescendi.
666 3218 707 3266 bic
715 3218 822 3265 vidimus
829 3218 921 3265 dudum
928 3252 936 3278 ,
944 3220 971 3264 ct
978 3219 1030 3265 illic
1039 3231 1094 3266 esse
1102 3232 1198 3279 compe

145 3287 185 3335 ld.
205 3288 262 3335 liaec
283 3288 322 3336 est
343 3287 425 3335 verior
439 3287 640 3336 documentorum
666 3289 756 3346 rimus,
767 3289 809 3349 qui
820 3288 1052 3348 composilambanc
1064 3291 1198 3350 querantur

111 3352 186 3414 tides,
207 3368 281 3417 quarn
302 3357 451 3404 erubescunt
471 3357 497 3404 et
515 3359 639 3406 mulieres.
666 3356 812 3406 calumniam
825 3371 832 3403 τ
844 3371 904 3418 quos
915 3356 986 3404 aiunt
1003 3370 1033 3405 eo
1045 3359 1152 3405 oileusos
1163 3359 1197 3405 ia·

110 3423 224 3487 lienique
236 3426 361 3473 Elisabeth
376 3425 512 3474 occultabat
529 3440 554 3476 se
570 3441 641 3476 men·
665 3426 730 3475 visse
741 3427 859 3486 llarirno,
872 3426 936 3487 quod
949 3427 995 3474 ista
1007 3426 1078 3486 virgo
1089 3440 1138 3474 nou
1150 3429 1196 3474 cir-

111 3495 179 3543 sibus
188 3495 313 3555 quinque3
330 3508 360 3543 eo
370 3496 436 3557 quod
450 3498 541 3547 sterilis
552 3513 640 3549 conce·
666 3495 762 3543 elimet!
783 3495 880 3555 domos,
902 3506 948 3541 1¹⁰0
968 3507 1055 3542 totum
1076 3498 1197 3544 1111110111

111 3564 182 3623 perat
199 3565 226 3610 iu
243 3565 378 3612 senectute.
398 3567 441 3614 liis
457 3567 532 3628 signis
552 3569 639 3630 etipsa
665 3564 754 3613 salutet
765 3567 838 3624 atquo
850 3564 951 3612 ambiat.
970 3565 1036 3622 Quid
1052 3564 1131 3625 igitur
1142 3565 1196 3622 liet,

110 3633 192 3682 blariae
203 3633 331 3693 virginitas
337 3635 402 3695 apud
414 3635 510 3695 ignaros
518 3639 638 3698 mysterii,
664 3634 785 3695 quomodo
797 3635 863 3681 tanto
878 3647 933 3681 eam
944 3647 1068 3683 exuemus
1077 3633 1197 3682 crimine?

110 3703 194 3769 probri
213 3704 404 3764 suspectabatur.
416 3705 486 3753 Unde
498 3706 524 3753 et
533 3707 637 3767 loseph,
664 3703 784 3764 quomodo
800 3703 1002 3763 persuadebimus
1013 3705 1040 3752 ut
1057 3706 1140 3752 cultus
1154 3702 1196 3750 ad·

111 3771 151 3819 cul
163 3771 306 3831 desponsata
322 3772 375 3819 erat
390 3771 478 3832 virgo,
497 3776 637 3832 suspectum
664 3776 843 3832 sumatnos'os,
862 3786 917 3821 suos
928 3773 1110 3821 exuattGrave
1127 3771 1196 3833 ilaqi-

111 3841 217 3888 babebat
234 3841 336 3901 uitium;
358 3842 416 3889 dum
435 3841 515 3889 adhuc
532 3845 638 3891 nesciret
664 3843 725 3890 tium
737 3842 860 3901 virginem
873 3843 938 3890 intra
949 3845 1045 3890 secreta
1056 3844 1145 3891 domus
1155 3844 1196 3891 de·

112 3910 246 3958 Dominioae
264 3911 438 3958 incarnationis
448 3913 636 3960 sacramentum.
663 3925 734 3972 gere,
745 3912 824 3959 claudi
834 3912 1071 3972 penetralibussuist
1080 3913 1120 3959 Sic
1129 3914 1196 3960 certe

140 3975 178 4024 lt.
190 3978 252 4037 Quid
262 3989 462 4038 erqo‚neqamus
472 3979 638 4039 inspiciendas
663 3982 737 4030 lectio
757 3982 828 4030 docet
849 3981 947 4029 llariam
968 3981 1035 4028 domi
1056 3983 1194 4042 repertam,

111 4045 233 4106 qquinosi
248 4047 351 4097 interim
363 4046 428 4108 quod
439 4059 558 4109 nusquam
568 4049 636 4112 lepe-
663 4063 719 4098 cum
738 4050 770 4099 ad
788 4062 842 4099 eam
858 4049 954 4099 Gabriel
974 4049 1143 4113 archangelus
1154 4062 1197 4098 ro·
