2632 4784
114 322 146 375 33
502 321 625 369 adrieli
638 321 802 367 AMBROSH

112 409 330 471 [calendonem.
342 408 402 468 Ergo
418 404 525 466 Spiritus
542 404 640 453 sanetus
664 403 718 452 aine
730 415 847 465 munero,
857 415 903 453 ace
912 404 966 453 sinc
980 403 1083 461 anemae
1092 418 1192 455 munus.

112 479 155 540 qui
167 477 260 528 creauit
269 475 404 525 Dominicas
414 473 590 523 incarnationis
600 485 639 519 sa·
663 472 688 520 Si
698 473 811 521 vindicas
824 472 941 534 gratian,
950 474 1025 523 crede
1039 476 1177 536 potentiam
1187 470 1198 522 ε’

113 547 279 607 aramentum,
303 544 369 606 quod
393 554 469 603 super
493 553 580 591 omues
602 540 640 589 est
664 542 685 588 si
702 541 794 597 refutas
811 542 1084 604 potentissimarum
1105 558 1138 591 ne
1155 558 1196 592 re·

113 616 253 672 creaturas,
268 613 388 675 quomodo
403 623 456 661 esso
472 610 554 671 potest
571 622 639 659 crea·
663 608 754 670 quiras.
772 611 820 670 Qui
838 610 957 672 Spiritum
978 611 1096 673 negavit,
1112 614 1196 660 aialim

112 682 187 734 tural
664 680 764 740 nemvit
773 682 799 729 ot
808 680 909 728 donum.
921 682 979 729 llam
990 681 1012 729 si
1026 682 1195 740 auctoralis,

142 754 228 803 cuns
245 752 406 814 peremtum
422 753 506 800 autem
516 762 590 811 supra
600 761 640 799 os-
663 748 783 808 quomode
791 744 854 798 dona
861 746 1042 810 pretiosaidur
1049 751 1142 799 nocuis
1149 751 1196 813 ipsi

112 822 238 873 tendimus
247 821 306 882 quia
317 820 452 868 seeundum
462 831 560 867 carnem
571 830 640 866 crea·
663 817 808 865 muneribus
819 817 974 878 invidemus,
986 831 1055 879 spem
1066 818 1196 868 imminui·

112 887 640 950 torestnosterspirilussanctusinhomino
663 898 733 946 mus,
744 884 890 948 deuictam
900 888 1073 950 repudiamus,
1083 890 1195 938 consota-

113 960 238 1009 extsriorc
247 973 254 1006 c
264 970 328 1006 nuuc
339 958 495 1005 ostendamus
504 958 563 1018 quia
573 968 640 1005 crea·
664 956 743 1005 torem
753 956 890 1019 nepamml

111 1030 198 1078 teresi
214 1029 310 1088 noster,
321 1029 396 1076 eiiam
406 1027 542 1076 secundum
557 1027 640 1088 pratia
694 1025 733 1073 65.
745 1026 794 1076 Sed
808 1027 880 1075 iilum
890 1038 981 1088 negare
991 1038 1041 1075 nou
1056 1039 1194 1087 possumus.

112 1100 300 1146 sacamentum,
318 1097 347 1145 ut
362 1096 426 1143 sicut
440 1097 509 1144 creat
522 1095 595 1145 Pater
605 1095 638 1143 ita
664 1093 808 1143 Absitcuim
818 1095 1046 1157 utncgemusquod
1057 1096 1196 1144 maximum

112 1166 181 1215 creat
197 1167 223 1213 ct
240 1165 331 1224 lilius,
351 1165 386 1212 lta
404 1165 473 1212 creat
490 1165 517 1212 ct
532 1162 640 1225 Spiritus
664 1165 716 1224 est,
726 1176 783 1213 eum
798 1165 926 1225 Apostolus
940 1165 1023 1215 dicat:
1037 1167 1085 1215 Vos
1101 1169 1195 1223 culm,

112 1236 226 1296 sauctus,
237 1235 302 1283 sicut
311 1234 428 1295 legimus,
439 1233 537 1281 dicante
547 1232 638 1281 Paulo:
664 1233 763 1292 fruma,
789 1234 917 1282 mundum
942 1234 1010 1283 isaac
1031 1234 1196 1295 promissionis

112 1307 158 1355 ilci
170 1308 233 1354 enias
249 1308 336 1353 donum
351 1307 397 1362 cst,
412 1316 460 1351 nou
474 1316 504 1350 ca
520 1303 640 1365 operitur,
663 1300 706 1362 filii
720 1302 773 1350 estis
788 1302 846 1350 :scd
861 1304 920 1351 sieut
935 1306 991 1351 tuuc
1006 1303 1049 1363 qui
1068 1303 1196 1351 secenum

111 1384 142 1422 ac
151 1374 203 1435 puis
212 1374 322 1434 placicius·
329 1388 338 1433 ,-
346 1375 417 1434 ipsius
427 1373 490 1420 enim
500 1385 580 1421 sumus
590 1370 641 1431 [cc-
664 1383 759 1418 caraem
765 1374 836 1419 natus
845 1373 879 1420 esi
884 1403 893 1429 ‚
901 1371 1082 1432 persequebatur
1091 1384 1146 1419 mm
1155 1371 1198 1432 pai

112 1444 182 1500 turo,
192 1443 266 1491 crcoit
280 1443 307 1491 in
322 1442 415 1491 cliristo
425 1439 481 1490 iesu
495 1442 521 1488 iu
534 1442 641 1503 operibus
663 1442 788 1490 mudum
803 1442 925 1503 Spiritum.
936 1442 1030 1489 lterum
1040 1439 1130 1501 utique
1139 1441 1196 1489 auls

113 1508 187 1561 mne.
664 1509 763 1557 auditur
781 1509 813 1556 dc
838 1509 1019 1570 superioribus,
1043 1510 1088 1570 qui
1107 1522 1197 1558 secun·

268 1627 396 1681 cucur
413 1626 484 1678 vu·
664 1578 1197 1710 itidttltd‘ttttftttlir

112 1717 229 1759 creationis
244 1720 344 1769 spiritalis
357 1730 394 1758 seu
412 1718 578 1767 regenarationis
597 1727 640 1757 nou
664 1719 744 1766 Deum
768 1719 889 1767 nascitur,
912 1720 1073 1766 lienascimur
1098 1720 1195 1776 aulem,

134 1773 642 1876 ffimffiffiffifflffifflgffiffi'
664 1789 762 1848 quando
773 1789 799 1835 in
811 1787 928 1837 interiore
939 1799 1087 1836 renovamur
1097 1787 1196 1845 attactu,

135 1883 178 1929 u„⁸
189 1883 278 1931 quq„
290 1884 423 1931 „„,„„„,
429 1886 449 1920 0,
460 1883 571 1931 quamodo
582 1883 642 1931 quo,
665 1856 690 1903 et
701 1854 832 1903 exterioris
842 1854 951 1905 hominis
960 1853 1112 1903 vetustatem
1122 1854 1198 1915 depe·

135 1936 262 1985 nuemhnct
276 1946 354 1984 corpus
369 1936 414 1974 Deo
425 1936 523 1974 tribuere
540 1936 642 1976 videntur
665 1924 755 1973 nimus.
766 1925 796 1971 Et
811 1922 866 1971 ideo
881 1924 917 1971 aii
931 1924 1024 1972 iterum
1042 1923 1195 1985 Apostolum

134 1991 187 2029 ΜΗ
197 1990 290 2032 malea.
302 1989 490 2039 dehurinieulpl?
664 1996 819 2043 limosamtsi
826 1996 905 2042 aulem
913 1995 1093 2054 spiramentis
1100 1995 1195 2049 cesum,

143 2060 183 2110 62.
203 2064 275 2111 linco
294 2065 361 2111 creat
386 2064 459 2111 Pater
476 2065 501 2110 in
525 2063 641 2123 operibus
664 2062 1196 2124 etinduiicaoeumlaomimm,quisccundum
1264 2101 1266 2106 .

113 2130 184 2179 bouis
202 2143 209 2176 a
223 2132 290 2178 creat
309 2134 335 2179 ct
352 2132 441 2192 Filius,
453 2133 511 2192 quia
523 2132 641 2192 scriptum
664 2135 740 2180 ileum
750 2135 842 2180 creatus
852 2134 885 2181 cst
896 2135 921 2180 in
932 2133 1043 2189 cerilulc,
1053 2134 1075 2179 ct
1086 2132 1195 2191 jutitia,

113 2197 153 2246 est
167 2211 174 2243 s
189 2200 305 2259 Quotquot
323 2201 402 2246 autem
417 2213 470 2246 eum
492 2203 641 2260 receperunt,
664 2204 686 2248 ct
706 2203 838 2249 acacliiute.
857 2201 966 2248 studiant
989 2199 1195 2260 quemadmodum

112 2266 173 2313 dciii
189 2268 222 2314 cis
238 2269 372 2327 potestatem
381 2268 440 2326 filios
459 2270 503 2315 Dei
521 2269 588 2327 ficri,
606 2269 642 2317 liis
665 2270 786 2316 unitatem
802 2269 893 2317 dirinae
905 2270 1055 2330 operationis
1070 2268 1195 2328 Scriptura

113 2336 155 2396 pul
167 2337 263 2383 modunl
273 2339 298 2383 iu
308 2339 402 2385 aremius
417 2338 466 2397 cjats
477 2352 485 2384 :
496 2340 537 2398 qui
553 2351 601 2385 nou
611 2352 653 2415 cx³
664 2339 806 2398 signaverit.
818 2339 865 2397 Qui
877 2338 1011 2387 renovatur
1022 2336 1116 2399 Spiritu
1127 2349 1196 2384 men·

112 2404 276 2465 mapuiuilus,
287 2420 359 2469 acque
374 2419 405 2454 ex
420 2406 539 2455 voluntate
550 2409 640 2466 cumis,
650 2440 653 2445 -
665 2408 708 2466 tis,
718 2407 799 2455 induit
809 2419 900 2455 norum
909 2407 1100 2468 hominem,qui
1109 2418 1195 2454 meun-

112 2484 186 2535 nepus
196 2487 228 2522 ca
238 2475 356 2525 uoluntate
366 2476 425 2534 ciri,
435 2476 474 2525 secl
483 2489 514 2524 cu
524 2478 574 2524 Deo
590 2479 653 2533 uati.
664 2477 723 2523 dum
733 2477 811 2524 lleum
824 2477 920 2525 creatus
931 2477 977 2525 est.

111 2547 176 2592 suut
695 2544 733 2592 66.
753 2545 835 2594 Sancti
855 2545 931 2606 igitur
951 2545 1057 2607 Spiritus
1078 2557 1140 2606 opus
1159 2548 1196 2617 est

142 2611 181 2662 63.
203 2613 323 2665 Similiter
341 2629 374 2665 ex
393 2616 487 2677 Spiritu
506 2616 641 2665 secundum
664 2614 819 2676 regeneratio
837 2614 885 2662 ista
908 2616 1076 2676 praestantior3
1094 2615 1120 2665 ct
1136 2614 1195 2662 novi

111 2682 213 2743 mattam
228 2695 273 2734 uos
284 2684 379 2734 renasci
390 2686 511 2734 Dominus
528 2687 582 2746 ipsc
592 2686 642 2733 tes-
665 2683 738 2740 hujus
753 2681 873 2742 hominis,
887 2683 931 2744 qui
948 2682 1045 2730 creatur
1059 2681 1092 2733 ad
1109 2680 1195 2740 imagi-

111 2751 190 2811 tatur,
201 2752 376 2815 dicenszQuod
386 2757 550 2802 autumesiec
561 2768 641 2811 carue,
664 2764 722 2798 nem
741 2752 800 2811 Dei,
819 2753 905 2801 auctor
925 2754 962 2800 est
979 2750 1085 2811 Spiritus
1101 2763 1195 2811 :quem

112 2824 321 2881 curocsl‚·quiude
332 2836 403 2869 curus
416 2825 642 2884 nutumcstpeipuod
665 2820 751 2880 utique
774 2822 903 2870 meliorem
929 2822 975 2870 hoc
994 2821 1119 2870 exteriore
1142 2832 1195 2867 esse

111 2891 195 2936 autum
212 2892 245 2937 cst
260 2892 288 2937 dc
302 2892 399 2950 spiritu,
412 2892 508 2951 spiritus
525 2893 572 2951 erip
586 2893 643 2951 quic
664 2893 746 2939 nostro
756 2892 856 2940 homino
865 2905 937 2940 nemo
948 2891 1107 2952 dubitaverit.
1116 2888 1195 2950 Siqui-

111 2959 174 3007 Dcus
184 2958 284 3018 Spiritus
303 2961 345 3008 est.
358 2958 414 3007 illoti
429 2960 514 3005 mirari
524 2961 581 3019 puio
591 2962 643 3008 dici
664 2960 720 3007 dcru
737 2962 864 3009 coelestem
882 2962 1002 3019 alterum,
1021 2961 1148 3008 terrenum
1158 2958 1196 3005 ai·

110 3026 644 3089 tibi,0poriclcosauscidenuo.Spiritusubi
665 3030 746 3078 terum
768 3032 897 3092 Apostolus
919 3030 1066 3091 significavit
1084 3029 1193 3077 dicens:

111 3094 161 3144 cati
168 3097 255 3156 spirat,
263 3099 369 3145 ctcoccm
376 3096 426 3156 epita
436 3098 562 3147 cadencd
570 3101 642 3149 nescis
665 3102 746 3162 Qualis
756 3102 850 3149 coeksiis
856 3133 864 3158 ,
876 3101 933 3149 lclcs
943 3104 965 3148 ei
975 3102 1082 3148 eoelmics.

112 3165 172 3212 uude
191 3167 293 3225 mint,
319 3168 362 3214 uui
379 3180 425 3227 quo
440 3167 511 3221 cedei
525 3182 534 3228 ,·
550 3168 584 3216 sic
608 3172 642 3217 cat
694 3169 734 3217 67.
746 3172 807 3231 Ergo
824 3183 881 3217 cunr
891 3170 1016 3216 coelesiom
1035 3167 1109 3215 lactat
1118 3165 1196 3227 pratia

111 3236 186 3284 omnis
200 3237 241 3297 oui
250 3239 321 3284 status
330 3238 364 3285 esi
372 3238 400 3283 de
411 3236 509 3296 Spiritu.
664 3238 795 3298 spiritalis,
804 3239 869 3299 quod
878 3240 1005 3286 terrenum
1015 3238 1195 3297 crearepossit,

142 3302 181 3352 aa.
189 3305 270 3355 Claret
280 3305 356 3366 igitur
363 3305 483 3366 spiritalis
493 3318 590 3367 quoquo
600 3319 641 3367 go·
665 3310 739 3357 ctiam
755 3322 831 3357 sensu
849 3309 970 3357 debemus
981 3309 1124 3366 advertere,
1136 3307 1196 3356 lieet

111 3373 642 3434 uentionisauctoremesseSpiritumsanc·
665 3391 791 3426 careamus
810 3379 939 3437 exemplis.
963 3378 1030 3426 Dicit
1050 3377 1117 3425 enirn
1135 3377 1196 3423 aliisi

110 3443 178 3502 tum3
194 3443 253 3503 quia
268 3444 403 3492 secundum
419 3443 500 3491 Deum
515 3428 653 3506 creamur,'
664 3448 763 3495 sanctus
772 3448 836 3495 lob:
851 3448 913 3496 Vicit
924 3451 1054 3505 Dorostorus,
1066 3451 1109 3508 qui
1116 3448 1150 3495 sic
1160 3459 1196 3492 mc

111 3512 140 3558 ui
150 3510 195 3557 lllii
207 3512 253 3558 Dei
264 3513 349 3560 simus.
361 3512 422 3572 lirgo
433 3525 489 3563 eum
506 3514 549 3562 iile
561 3527 606 3563 nos
615 3516 641 3563 iu
659 3517 764 3576 judlcct;
777 3521 797 3564 cl
810 3519 972 3578 Ouanipeieus,
984 3518 1026 3577 qui
1036 3518 1067 3563 ud
1077 3515 1193 3563 amaritu-

111 3592 213 3642 repnum
236 3594 307 3629 suurn
325 3595 370 3642 pcr
392 3583 549 3644 adoptionem
566 3597 641 3634 sacras
664 3589 860 3647 discooperuerit
870 3589 977 3634 arrianam
988 3600 1064 3634 sacam
1076 3601 1084 3632 .·
1096 3586 1196 3645 spiritus

111 3649 304 3710 regenerationis
314 3652 474 3712 adsumserit,
485 3666 529 3701 nos
540 3655 565 3701 ci
574 3655 641 3714 quod
664 3659 743 3704 autem
758 3658 861 3712 diuinus,
873 3658 914 3715 qui
930 3658 963 3703 est
975 3656 1000 3701 in
1016 3654 1114 3702 auribus
1129 3654 1195 3700 meis.

112 3730 184 3766 suum
192 3720 241 3778 est,
251 3719 416 3782 denegamus?
424 3724 469 3771 llle
477 3735 520 3771 nos
528 3736 641 3784 supernas
664 3726 715 3772 Non
726 3725 812 3786 utique
821 3722 935 3785 spiritum
947 3723 988 3769 iric
998 3734 1083 3770 auram
1094 3721 1197 3768 vitalem

112 3789 305 3849 regenerationis
314 3790 499 3851 iccitlraeredes,
508 3805 552 3840 uos
560 3795 640 3842 haerc-
666 3795 727 3843 lrarrc
738 3797 763 3841 et
773 3795 950 3854 spiramentum
961 3804 1106 3851 corporeum
1117 3790 1197 3850 desig-

111 3856 215 3906 dilatem
231 3858 396 3921 vindicamus,
407 3861 542 3909 refutamus
558 3866 640 3911 auclo-
665 3865 747 3922 stavit,
758 3864 802 3910 scd
819 3876 890 3910 nares
901 3862 940 3909 liic
958 3860 1082 3908 interioris
1096 3861 1134 3907 sui
1152 3860 1197 3904 ho·

112 3925 183 3973 remi
197 3927 245 3975 Sed
264 3941 311 3977 non
330 3932 528 3990 polest-manere
546 3932 640 3980 imnesr-
665 3933 738 3980 minis
757 3932 890 3992 significat,
906 3930 996 3992 quibus
1016 3931 1073 3976 sita·
1096 3928 1196 3975 odorem

113 3994 641 4056 cium,cumauctorexcludilurznecauctor
665 4002 782 4060 carpebat
800 4002 910 4057 aternu,
922 4001 946 4047 ei
965 3999 1069 4058 gratiam
1089 3997 1199 4045 cmlcsiis
