2632 4784
381 483 628 531 erisronsnuu
653 487 785 534 cnissis
806 491 828 534 ι.
1093 473 1139 536 aa?

51 576 114 615 nera
135 563 325 615 redundabunt?
343 568 410 628 quod
428 570 509 617 tantas
526 580 586 628 opes
608 568 734 619 ltuncclne
746 571 845 619 demum
856 568 1141 632 tustittaprretendltur's

53 633 162 681 sufficiet
178 633 309 683 mnumt
327 638 375 684 Aut
396 637 417 686 si
437 638 587 686 arbitrantur
610 637 876 698 equitaspostulaturt
887 639 933 686 Ubi
952 640 1011 687 tune
1030 641 1082 688 erat
1093 641 1142 688 ets

54 701 261 750 solisvestalibes
276 703 467 765 conterendum
480 718 530 752 non
540 719 586 765 pu·
609 707 745 767 sententia;
757 721 813 756 cuns
832 708 935 769 direptis
951 709 1141 758 christianorum

53 768 143 828 det‚ut
150 769 193 830 qul
202 770 281 818 totum
289 771 336 819 sibi
344 772 389 820 snb
399 772 586 833 imperatoribus
609 777 719 824 omnium
736 777 907 838 facultatibus,
920 779 986 837 ipsos
996 778 1086 826 vitales
1096 788 1142 824 an·

54 837 365 900 gentilibnsrindicarunt‚
375 843 451 891 iidem
463 842 507 891 sub
517 842 586 901 prin·
609 843 702 893 belitus
718 845 874 906 inriderent,
895 846 921 894 et
938 846 1012 893 nullis
1035 856 1139 906 usquam

56 905 151 965 cipibus
170 908 312 955 christianis
333 923 382 960 ιιοιι
403 911 493 972 petent
513 911 586 959 nobis
607 911 697 972 negata
714 913 837 962 defunctis
855 914 998 962 inhiberent
1014 926 1137 974 supremas

56 974 146 1022 sortem
156 976 247 1024 debere
258 989 312 1026 esse
324 979 494 1028 communemt
558 1007 559 1011 =
609 982 755 1031 commercia
774 982 926 1043 sepulturas?
947 983 1011 1040 Quos
1034 983 1141 1042 gentiles

88 1042 125 1091 lt.
142 1045 313 1093 Sacerdotibus
324 1061 421 1108 quoque
433 1049 483 1096 suis
495 1047 521 1096 et
538 1048 586 1095 ml·
609 1049 804 1109 precipitatum,
810 1049 887 1097 maria
893 1049 1063 1097 reddiderunt.
1070 1049 1141 1096 ridet

55 1112 139 1162 ssistris
150 1117 288 1174 queruntur
298 1117 417 1165 alimenta
428 1118 526 1177 publica
536 1130 585 1164 non
609 1115 656 1163 ista
666 1117 771 1166 victoria
781 1119 834 1176 est,
843 1118 908 1178 quod
919 1118 945 1165 et
956 1118 1004 1177 ipsi
1014 1119 1065 1176 jam
1074 1118 1139 1165 tacta

56 1180 151 1230 deberi.
164 1185 272 1241 Quantus
283 1184 340 1232 binc
352 1187 483 1234 verborum
494 1187 586 1232 tuinul-
609 1186 729 1244 majorem
747 1187 976 1246 carpunt,qeornm
993 1187 1061 1246 gesta
1080 1198 1139 1235 con·

57 1252 97 1297 tus
113 1252 250 1312 increpuit!
263 1255 293 1300 tlt
309 1256 407 1314 contra,
424 1256 494 1304 nobis
510 1256 585 1303 etiam
609 1253 733 1301 demnant.
746 1254 794 1302 Sed
804 1252 975 1315 quaetmalnm
985 1255 1007 1314 t)
1019 1254 1096 1312 ratio,
1107 1254 1138 1302 ut

57 1319 159 1377 privare
175 1322 336 1371 successionis
359 1325 526 1372 emolumenta
544 1336 586 1370 re-
608 1333 694 1370 eornm
705 1336 808 1373 munera
826 1324 928 1385 petant,
947 1337 1051 1384 qnorum
1067 1325 1136 1385 gesta

57 1389 171 1437 centibus
186 1389 279 1449 legibus
297 1392 461 1452 denegantur,
472 1393 498 1440 et
512 1404 585 1439 nemo
608 1392 790 1444 condemnant?

57 1458 231 1518 conqueritur3
243 1461 291 1506 nori
306 1461 374 1507 enim
391 1463 505 1521 putamus
520 1460 585 1518 inju·
639 1462 677 1508 li.
689 1463 763 1510 Nemo
773 1463 856 1512 tamm
867 1463 968 1512 donaria
979 1463 1102 1520 delubris,
1113 1461 1141 1510 et

58 1524 133 1586 stam,
144 1529 201 1587 quia
209 1528 365 1588 dispendium
373 1541 422 1578 non
430 1531 549 1577 dolemus.
559 1530 583 1577 Sl
608 1527 687 1586 legata
695 1529 866 1590 haruspicibus
877 1530 1009 1590 denegarit
1018 1543 1025 1575 a
1035 1530 1085 1576 sola
1097 1541 1140 1577 sn·

57 1593 214 1654 priuilegium
230 1599 322 1656 quaerat
335 1599 461 1659 sacerdos,
480 1601 508 1646 ut
522 1610 584 1646 onus
608 1595 674 1644 blata
690 1600 748 1646 suut
759 1600 866 1658 predia3
883 1600 941 1658 quta
959 1611 1008 1646 non
1024 1598 1141 1657 religioso

57 1662 149 1711 curiale
161 1664 282 1724 declinet,
298 1667 378 1726 patria
390 1669 464 1727 atque
477 1668 542 1715 avita
559 1669 585 1715 et
607 1666 742 1713 utebantur
756 1668 800 1725 tis,
816 1680 870 1727 quae
881 1666 1009 1726 religionis
1027 1666 1083 1724 iure
1094 1666 1140 1714 de·

57 1730 166 1778 omnium
174 1732 317 1781 facultatum
331 1737 484 1794 possessione
494 1736 585 1783 ceden-
608 1733 745 1783 tenderent.
753 1737 801 1793 Qui
811 1738 891 1783 nostro
901 1737 1005 1783 utuntur
1013 1736 1138 1797 exemplo,

57 1797 115 1844 ilum
124 1801 170 1847 est.
178 1802 303 1858 Quomodo
311 1804 374 1851 bairo
392 1806 497 1863 gentiles
510 1805 531 1851 si
541 1805 584 1851 ba·
608 1814 709 1849 cernon
721 1803 1039 1852 utebanturotllciotlt'ibil
1052 1805 1138 1850 Eccle-

57 1866 585 1932 berent‚ingravarentquerelam‚quodsa·
608 1870 643 1919 sia
655 1870 717 1929 sibi,
734 1872 784 1918 nisi
803 1873 877 1919 tidem
894 1872 1010 1930 possidet.
1023 1872 1071 1917 llos
1082 1872 1140 1917 red-

59 1935 225 1986 cerdoslsrias
236 1940 367 1988 ministerii
385 1941 421 1986 sni
435 1942 584 1989 emaltotius
607 1935 940 1996 eituspretsenosnucrus.
950 1939 1083 1984 Possessio
1093 1939 1139 1984 Ec-

59 2004 199 2061 patrimonil
217 2009 254 2056 sut
274 2010 376 2065 damno,
389 2011 414 2055 et
425 2008 515 2066 privati
530 2010 585 2056 nni·
608 2005 689 2052 clesiae
700 2008 794 2053 sumtus
803 2008 841 2052 est
852 2018 992 2065 egenorum.
1003 2006 1140 2054 Numerent

59 2085 141 2122 versas
159 2077 337 2124 commoditatis
360 2077 488 2135 dispendio
514 2090 584 2124 usum
608 2085 668 2131 quos
682 2072 833 2120 redemerint
847 2074 938 2132 templa
948 2072 1072 2131 captivos,
1083 2086 1139 2131 quas

59 2142 151 2201 publici
160 2149 283 2193 mercetur
295 2146 584 2205 obsequiizprsetendens
608 2141 1139 2200 contulerinialimentapauperibus‚quibus

59 2213 194 2260 communis
205 2215 291 2262 salutis
307 2215 585 2271 excubias,doinesticre
609 2210 737 2257 exsufibut
758 2210 858 2257 vivendi
876 2209 988 2257 subsidia
1011 2209 1138 2257 ministri·

58 2278 146 2338 inopte
155 2293 180 2327 se
189 2282 301 2328 mercede
314 2282 485 2341 soletur3quia
498 2282 585 2329 mints-
608 2277 698 2323 verint.
717 2276 809 2324 Praedis
825 2277 900 2336 igitur
919 2277 1070 2337 intercepta,
1088 2288 1137 2325 nou

59 2346 148 2394 terium
160 2361 208 2396 non
216 2348 343 2408 vendidit,
351 2350 393 2397 sed
404 2350 507 2410 gratiana
518 2363 584 2398 corna
607 2345 664 2404 iura
675 2347 740 2394 sunt.

58 2419 161 2476 paravit.
639 2415 677 2463 ld.
687 2416 970 2478 sequestratumque
979 2416 1049 2465 triste
1058 2416 1137 2476 piaret

89 2486 127 2533 ld.
146 2489 259 2537 Conteris
282 2500 376 2538 caum,
395 2491 444 2538 Vos
466 2502 584 2540 excusare
609 2483 690 2543 netas,
702 2484 792 2544 tames,
803 2487 831 2532 ut
842 2485 927 2543 aiunt,
943 2485 1042 2545 publiea
1056 2485 1138 2532 vindi·

58 2555 132 2603 ruitis
140 2558 310 2615 decurionem,
320 2571 377 2605 cum
388 2559 501 2606 Ecclesiae
510 2571 585 2607 excu·
609 2553 688 2611 celin
700 2553 758 2612 quia
770 2554 824 2599 usui
836 2554 945 2600 omniun
958 2553 1075 2612 prolicere
1087 2564 1137 2598 ee·

58 2635 111 2670 sare
123 2637 170 2671 non
183 2626 256 2672 liceat
267 2625 427 2673 sacerdotem.
439 2626 585 2675 Scribuntur
610 2621 661 2680 pil,
671 2622 735 2682 quod
751 2621 893 2680 proficiebat
908 2622 1041 2669 commodis
1058 2633 1138 2668 sacer·

58 2693 202 2738 testamenta
212 2692 359 2749 templorum
368 2693 585 2751 minisbis,nullus
609 2689 702 2742 dotum.
720 2692 850 2750 Propterea
876 2703 934 2750 ergo
959 2689 1090 2749 detractis,
1110 2691 1137 2737 nt

58 2761 183 2819 excipitur
207 2759 360 2818 prophanus,
384 2761 468 2808 nullus
490 2762 584 2811 ultimas
609 2760 692 2819 aiunt,
704 2760 802 2806 arbusta
814 2759 889 2806 eruta
908 2758 1053 2816 corticibus,
1065 2771 1137 2806 succo

56 2825 216 2884 conditionis,
235 2826 318 2874 nutius
330 2827 445 2888 prodigus
462 2840 585 2877 serecun-
609 2827 743 2876 miserabili
755 2827 922 2875 deficientium
933 2840 975 2874 ora
985 2825 1135 2874 lambebant.

56 2897 105 2942 diae
117 2909 123 2939 :
133 2892 176 2940 soli
189 2906 219 2940 ex
231 2895 343 2944 omnibus
354 2898 443 2945 clerico
455 2909 584 2947 commune
608 2897 739 2956 Propterea
754 2895 860 2946 Chaonia
873 2895 967 2955 frugem
983 2893 1070 2954 glande
1082 2908 1138 2943 nsu-

54 2965 96 3023 jus
112 2963 247 3022 clauditur,
257 2975 271 3009 a
282 2976 330 3023 quo
348 2965 398 3012 solo
410 2978 452 3025 pro
468 2968 585 3016 omnibns
608 2966 704 3025 lantes,
715 2976 799 3011 rursus
815 2964 841 3010 in
860 2964 983 3024 pecudum
1003 2965 1099 3023 pastus,
1111 2965 1137 3012 et

56 3035 141 3081 volum
160 3044 289 3080 commune
310 3034 456 3094 suscipitur,
476 3036 583 3084 otticiunr
608 3035 639 3082 ad
655 3034 762 3082 infelicis
779 3034 860 3081 victus
875 3034 993 3081 alimenta
1013 3035 1136 3094 revocati,

56 3112 185 3149 commune
192 3100 388 3149 delertursnulla
397 3104 475 3162 legata
483 3105 521 3151 rel
531 3117 581 3163 gra·
608 3117 721 3152 concussa
730 3115 836 3164 quercu,
849 3102 938 3150 tamem
947 3104 972 3150 in
983 3103 1051 3150 silvis
1063 3103 1137 3151 mise·

58 3172 125 3219 vium
143 3170 285 3227 viduarum,
296 3171 366 3217 nulla
382 3171 488 3219 donatio.
500 3175 529 3219 Et
540 3174 583 3221 nbi
607 3186 659 3220 ram
668 3174 817 3218 solabantur.
826 3171 1017 3218 Norasideliect
1026 3172 1136 3228 prodigia

57 3242 82 3286 in
95 3239 202 3287 moribus
221 3240 293 3297 eulpa
309 3251 357 3286 non
375 3239 582 3299 deprehenditur3
607 3241 741 3296 terrarum,
757 3250 811 3297 qne
823 3248 956 3295 numquam
969 3239 1026 3282 aitte
1039 3238 1136 3283 accide-

55 3312 138 3356 tumen
147 3309 226 3356 oiticio
234 3309 323 3355 mulcta
332 3309 505 3367 prescribitur.
515 3310 583 3365 Quod
608 3308 676 3363 rant;
688 3317 744 3352 cum
755 3305 896 3363 superstitio
906 3304 1004 3361 gentilis
1016 3304 1065 3351 tolo
1077 3305 1136 3349 orbo

56 3378 222 3426 sacerdotibus
242 3376 292 3423 tani
311 3376 431 3434 legaverit
449 3377 582 3424 christiana
609 3375 730 3422 terseretl
744 3375 778 3419 Re
796 3384 856 3419 vera
867 3371 963 3431 quando
974 3373 1031 3418 ante
1049 3373 1136 3419 vareis

57 3446 144 3504 vidua,
154 3446 237 3493 valet:
255 3444 319 3504 quod
329 3441 446 3489 ministris
463 3443 522 3500 Dei,
535 3455 582 3490 non
608 3445 691 3489 avenis
709 3454 779 3500 seges
788 3441 856 3487 avari
866 3442 923 3487 rota
939 3440 998 3486 lusit
1008 3441 1135 3499 agricolae,

57 3515 131 3561 valet.
144 3513 213 3570 Quod
224 3524 268 3571 ego
286 3523 334 3557 non
347 3512 373 3557 ut
384 3521 489 3569 querar,
501 3511 543 3556 sed
557 3512 583 3556 ut
608 3513 634 3558 et
650 3523 718 3568 spem
730 3510 825 3556 rusticae
843 3510 923 3568 plebis
939 3509 1040 3568 quesita
1059 3510 1135 3558 sulcis

56 3581 134 3629 sciant
144 3581 205 3640 quid
222 3593 269 3627 non
280 3591 380 3639 querar,
391 3578 581 3638 comprelrendi3
607 3577 683 3634 trugis
695 3577 771 3622 irerba
782 3576 914 3623 destituit?

56 3652 120 3699 mato
131 3652 198 3698 eninr
213 3661 257 3697 nos
275 3648 379 3709 pecunia
395 3648 503 3701 minores
514 3661 582 3709 esse,
637 3647 675 3693 lt).
683 3648 711 3692 et
720 3646 784 3693 unde
792 3646 881 3692 Graecis
889 3646 985 3693 oracula
994 3646 1076 3695 babila
1085 3659 1137 3696 suos

54 3733 129 3782 quam
147 3719 233 3779 gratia.
606 3728 725 3775 quercus,
736 3714 783 3761 nisi
794 3715 851 3773 quia
862 3715 1000 3761 remedium
1012 3715 1135 3764 silvestris
1221 3757 1223 3763 .

86 3789 125 3837 td.
136 3788 184 3835 Sed
199 3788 325 3847 referunt,
337 3799 365 3836 ea
375 3799 430 3847 que
441 3787 482 3834 rei
493 3786 582 3835 donata
606 3785 728 3831 alimonias
736 3783 843 3831 coelestis
853 3783 979 3841 religionis
987 3784 1077 3831 donum
1088 3798 1136 3844 pu·

53 3858 96 3906 s'cl
112 3856 197 3904 relicta
213 3856 270 3903 sunt
280 3856 406 3916 ecclesie,
417 3868 465 3902 non
481 3868 533 3902 esse
545 3858 583 3903 te-
608 3852 857 3901 tarnnttlsliaeninr
866 3865 964 3900 suorum
972 3865 1072 3900 munero
1082 3866 1136 3902 cre·

53 3925 253 3974 metatallicant
261 3926 285 3971 et
295 3926 340 3986 ipsi
349 3925 510 3985 quistemplis
519 3925 582 3973 dona
606 3923 667 3970 dusst
684 3924 795 3971 deorum.
811 3920 870 3978 Quis
888 3920 1013 3968 bedoneas
1037 3922 1136 3973 arbores

53 3993 580 4052 ‹tetrarerit,qnodfactumestebristianis.
607 3992 653 4037 nisi
678 3992 787 4050 gentium
811 3991 915 4048 populus
932 3989 1057 4039 adoravit:
1077 4000 1135 4036 cirin

52 4066 113 4123 Qne
128 4061 221 4108 silacia
239 4062 318 4107 essent
335 4061 482 4122 gentilibus,
494 4060 582 4110 redda-
607 4059 723 4118 pabulum
739 4057 811 4105 triste
829 4057 878 4116 egri
896 4066 1023 4102 nemorum
1042 4055 1135 4104 bonore

51 4135 122 4191 retur
141 4130 220 4188 potins
239 4141 310 4189 qoam
329 4129 463 4177 inferretur
480 4129 581 4188 initeris.
608 4125 787 4173 ‹tsmreteucn
806 4127 843 4173 est
861 4123 995 4172 verisimile
1011 4121 1076 4180 iltlbil
1096 4122 1135 4178 ib.-

137 4201 158 4242 ι,
992 4190 1014 4232 li
