2632 4784
118 459 149 509 ΞΒ
500 464 626 511 alacri
643 464 818 511 AMBROSH

120 546 173 606 tus,
191 546 240 594 aila
254 545 375 607 sapientia
391 545 470 596 vlrtos
480 546 569 595 animae
582 559 589 593 a
602 546 645 594 ilia
668 547 735 607 poris
746 547 837 595 motum
849 545 1016 606 imprudentia
1026 545 1107 594 adhuc
1119 544 1198 593 maln-

118 614 178 662 nata
198 614 250 673 est,
269 615 320 662 haec
338 616 429 663 aream.
449 616 503 663 ntra
523 614 645 676 sapientia
668 615 740 664 rioris
756 615 885 676 gravitatis
900 615 1038 673 exercent3
1060 615 1145 663 umen
1167 614 1196 660 ad

119 681 205 729 auomr
217 693 339 742 operum,
357 682 406 730 alla
416 695 490 743 opua3
501 694 562 743 opus
578 682 645 730 enim
668 684 780 732 altiorem
787 695 885 731 semum
895 682 1198 744 reterriposseprrcsumo‚

118 750 210 799 mentia
220 762 307 812 sapere
315 751 563 812 prudenter,sentire
575 752 646 800 riva·
668 752 774 812 eoquod
786 751 918 800 videantur
932 752 1025 811 iudai,
1039 765 1086 800 nec
1097 752 1197 812 psalmi·

118 817 190 867 citor.
202 820 258 868 flac
269 818 332 868 dona
346 822 441 870 naturas
448 822 506 870 sunt
517 822 647 882 :operator
667 822 762 881 primo,
777 833 824 870 nec
838 821 934 870 threnis
949 823 1032 882 postea
1048 820 1197 883 propheticis

118 888 202 935 autem
219 900 268 936 non
285 891 397 938 creatura
409 890 460 948 est,
479 891 523 938 sed
533 893 643 950 creator,
668 889 801 937 credidisse
817 903 824 936 ε
841 890 941 950 psalmis
956 890 985 936 ad
998 891 1099 950 praemia
1110 901 1199 951 provo·

118 955 165 1004 boe
176 957 223 1017 cal,
234 970 282 1005 noo
292 960 386 1007 natura
394 970 492 1018 munus,
503 959 547 1008 sed
557 973 645 1009 muue-
668 959 729 1017 cati,
742 959 835 1007 threnis
844 959 875 1006 ab
886 971 970 1007 erroro
982 959 1100 1007 revocati.
1111 959 1198 1004 Canta·

118 1025 185 1071 rator
195 1027 298 1074 naturae.
668 1027 1089 1086 nitDarid,utinsailcibusnostra
1098 1037 1198 1085 suspen-

147 1091 172 1139 2.
183 1095 334 1160 iustihcatur
352 1095 435 1156 itaque
446 1096 513 1144 lteus
529 1096 583 1156 ipse
599 1109 644 1157 per
667 1094 782 1142 deremus
792 1107 891 1153 organa.
903 1095 1015 1142 Cantarit
1025 1094 1093 1153 ipse,
1104 1094 1131 1140 et
1140 1095 1197 1140 ante

117 1160 281 1224 baptismum,
293 1164 352 1213 duro
369 1178 395 1213 se
412 1165 524 1214 homines
542 1168 643 1226 peccata
668 1175 748 1211 arcam
760 1165 858 1212 Domini
866 1177 914 1211 noo
926 1176 969 1223 pro
980 1162 1092 1220 iascivia,
1103 1161 1145 1208 sed
1154 1173 1198 1221 pro

117 1232 215 1291 propria
242 1233 377 1282 confitendo
400 1233 551 1295 justificant,
580 1235 642 1282 sicut
668 1234 786 1293 reiigione
798 1235 904 1282 saltavit.
916 1235 977 1292 Ergo
987 1244 1035 1279 non
1047 1230 1198 1278 histrionicis

117 1299 282 1360 scriptumest
293 1316 300 1349 ε
312 1305 356 1351 Dic
367 1306 392 1351 to
403 1306 536 1364 iniquitates
547 1307 608 1361 tuor,
618 1307 645 1352 ut
668 1304 774 1351 motibus
784 1303 874 1351 sinuati
886 1301 992 1361 corporis
1001 1302 1091 1359 saltus,
1102 1300 1146 1347 sed
1154 1301 1198 1346 irn-

112 1367 253 1428 J'urtifueris.
270 1371 422 1421 iustihcatur
434 1373 460 1420 io
474 1384 517 1432 eo,
526 1373 585 1433 qnia
595 1385 645 1421 noo
668 1374 736 1433 pigra
752 1373 856 1430 mentis,
869 1373 895 1419 et
905 1371 1017 1430 religiosa
1028 1369 1135 1429 corporis
1146 1367 1198 1426 agi-

118 1449 164 1497 per
181 1440 359 1488 contumaciam
379 1441 518 1502 reinlatur,
535 1441 579 1489 seri
599 1455 645 1502 per
669 1442 725 1489 litas
735 1441 884 1500 designatur.
896 1440 944 1486 Sed
954 1451 1002 1486 non
1014 1439 1039 1485 in
1051 1437 1196 1496 triumphis,

115 1503 236 1562 iustitiam
248 1509 293 1556 Dei
306 1522 395 1558 munus
403 1511 544 1569 agnoscitur
552 1512 645 1558 :iustos
668 1512 749 1558 nonin
756 1511 860 1557 excidiis
867 1509 1005 1556 ludaeorum
1013 1506 1096 1553 secuta
1103 1517 1197 1552 correc-

117 1573 185 1622 enhn
200 1579 328 1636 menaeus,
346 1582 368 1626 et
381 1579 500 1637 justitiam
515 1579 604 1626 ditexit.
617 1579 644 1624 ln
669 1580 703 1628 tio
714 1581 764 1638 ost,
776 1580 818 1640 qui
834 1579 925 1626 divinae
940 1575 1099 1634 induigentia
1110 1585 1198 1621 muue-

117 1654 147 1689 eo
157 1654 215 1704 ergo
228 1644 371 1703 justificatio
384 1647 430 1694 bei
447 1648 499 1704 est,
510 1645 531 1693 si
549 1658 597 1693 non
614 1644 645 1692 ad
668 1649 736 1695 ribus
750 1648 889 1708 provocati,
904 1647 988 1693 levare
1005 1645 1131 1703 mentem,
1142 1655 1196 1691 cor-

117 1710 645 1773 indipnosetohnonios,sedadinnocentes
668 1729 715 1775 pus
728 1716 864 1774 adtollere,
882 1717 980 1762 terrena
998 1713 1127 1771 deseram,
1149 1723 1198 1759 coe·

115 1791 161 1840 per
168 1783 319 1831 ablutionem
329 1783 523 1830 lactosridehtur
531 1784 556 1830 el
564 1782 645 1840 iustos
669 1784 739 1831 testie
757 1797 866 1843 quarere
883 1783 1037 1839 debuerunt3
1054 1781 1080 1829 el
1099 1780 1200 1839 injuriis

114 1861 159 1898 aaa
175 1864 277 1900 munera
298 1851 460 1900 transtulisse.
476 1851 644 1898 Justiiicemus
668 1853 819 1912 captivitatis
829 1852 928 1908 adtriti,
943 1850 1035 1898 detlere
1054 1853 1197 1909 peccatum,

114 1917 193 1980 igitm
203 1920 350 1981 Dominum,
362 1925 389 1968 ut
398 1919 563 1978 jualilieemur
572 1932 587 1967 a
595 1921 644 1967 Do-
668 1921 733 1982 quod
744 1922 816 1981 canipa
827 1921 891 1968 esset
905 1921 988 1966 auctor
999 1918 1104 1976 injuriae.

114 1986 192 2037 mino.
698 1996 721 2042 6.
733 1991 1137 2053 Jmtificotoestergosopieatioob
1149 2003 1199 2038 om·

146 2057 430 2116 &euidentissimum
442 2060 535 2117 Deum,
547 2059 644 2119 impen-
666 2064 735 2112 nibus
748 2064 801 2121 filiis
818 2065 866 2110 suia
881 2060 922 2122 (r.
933 2060 988 2120 55).
1001 2062 1066 2106 Bene
1077 2059 1108 2105 ab
1119 2059 1200 2105 omni·

114 2124 168 2173 alos
188 2127 492 2187 requiramus.apostolus
511 2127 573 2174 dicit
592 2130 644 2175 :Sit
668 2131 713 2179 bras
720 2131 795 2190 ,quia
803 2130 867 2177 circa
876 2141 960 2176 omnes
966 2127 1062 2187 justitia
1071 2129 1196 2187 serratur3

115 2196 196 2242 asom
212 2195 277 2242 Deua
293 2208 384 2251 ucrou,
399 2197 476 2244 omnir
486 2197 563 2241 eutem
575 2195 643 2242 iromo
668 2199 697 2245 ut
706 2198 828 2258 susceptio
839 2196 881 2244 hat
891 2197 1014 2254 bdelium,
1029 2196 1132 2255 reiectio
1141 2207 1197 2256 per-

114 2263 411 2322 moechationem
421 2262 644 2321 estrlitp'urtiriccrir
667 2266 780 2314 fidorum.
797 2266 866 2313 Unde
883 2265 995 2325 plerique
1008 2265 1080 2323 prasci
1098 2263 1133 2311 sic
1153 2265 1197 2310 ha·

113 2332 141 2379 ia
150 2330 296 2380 monitio
307 2333 361 2390 tuis,
369 2335 392 2379 ct
401 2334 481 2381 oiaoor
492 2345 545 2379 curn
550 2332 644 2391 judico·
668 2334 877 2394 bentzlurtifieoto
886 2336 919 2382 eat
926 2336 1045 2394 sapientie
1053 2332 1083 2379 ab
1090 2333 1197 2380 omnibus

113 2401 158 2450 rie.
168 2399 247 2448 David
258 2412 356 2461 quoquc
372 2399 451 2449 dicit:
464 2401 517 2449 liii
530 2401 575 2449 roli
590 2414 644 2460 pso·
667 2404 772 2463 opertbos
791 2405 854 2463 rom
868 2402 933 2463 quod
952 2414 1012 2461 opus
1027 2401 1130 2460 justitiae
1149 2401 1199 2460 rit,

114 2469 182 2527 ocri,
193 2471 315 2518 etardum
333 2470 644 2530 coroartefectmtjustiri-
667 2471 733 2519 circa
750 2470 943 2531 uniuscujusque
963 2470 1079 2517 meritum
1099 2479 1196 2517 servaro

114 2539 173 2587 orris
183 2541 209 2585 r'o
223 2538 369 2589 monitos
384 2541 445 2597 tuis,
462 2542 483 2586 rt
497 2542 576 2587 vinem
590 2552 644 2586 cum
667 2551 817 2588 mensnram.

109 2606 234 2667 indecoris.
249 2608 311 2666 Ergo
326 2606 349 2653 ia
359 2607 401 2667 poi
420 2608 519 2667 peccat,
531 2608 557 2654 et
571 2606 643 2654 ronti·
697 2608 861 2668 'hbeneergo
872 2607 949 2657 dicit:
959 2608 1111 2657 centesimus
1118 2606 1196 2664 ooth,

113 2674 180 2722 tetnr
199 2676 251 2722 ileo
269 2675 413 2734 peceatum,
428 2674 546 2732 justificat
564 2677 644 2721 Deum
667 2679 688 2725 ct
705 2690 755 2723 noa
768 2679 879 2726 roitostta.
891 2676 1005 2725 cantavit
1021 2677 1088 2722 enim
1104 2677 1198 2735 hloyses

114 2741 206 2791 cedens
222 2743 248 2789 ei
266 2741 397 2800 vincenti,
416 2741 441 2788 et
453 2742 524 2788 abeo
540 2741 643 2801 gratiam
667 2744 764 2804 mando
775 2743 869 2792 inmari
879 2745 963 2792 Rubro
973 2744 1004 2790 ab
1015 2744 1142 2791 transitum
1153 2744 1197 2789 Jo-

113 2822 224 2872 sperana.
236 2811 265 2858 ln
275 2809 424 2870 baptismate
438 2810 514 2869 igitur
523 2809 643 2867 iustihca-
667 2813 774 2861 dacorum
784 2813 873 2863 tloctoa
882 2813 1002 2874 obriguit,
1014 2814 1079 2861 unda
1090 2813 1196 2859 circum-

113 2880 156 2928 tur
165 2880 241 2938 Deus,
253 2879 338 2940 inquo
346 2878 644 2938 esiconiessio,etnenia
667 2883 750 2943 stetit,
770 2884 904 2943 eademque
923 2895 998 2941 equos
1017 2882 1196 2941 egyptiorum,

113 2948 280 3009 peccatorum.
667 2952 873 3012 adscensoresque
890 2952 970 2998 retusa
989 2951 1116 2997 demersit.
1135 2950 1196 2996 Can-

143 3013 168 3064 t.
176 3017 228 3064 lton
236 3017 420 3065 contemnamus
428 3017 502 3077 igilur
510 3016 575 3064 sicut
583 3015 644 3075 pha·
667 3019 729 3067 tavit
747 3020 826 3067 Esaias
844 3020 940 3067 dilectae
958 3020 1037 3066 ninere
1054 3031 1104 3065 sura
1119 3016 1196 3064 canti·

113 3084 178 3135 riaael
194 3084 322 3133 consilium
334 3086 390 3134 hei.
401 3086 534 3134 Consilium
548 3085 594 3132 bei
607 3085 644 3133 est
667 3100 739 3147 cum,
755 3088 893 3149 significans
907 3099 1018 3146 asperam
1029 3085 1129 3145 tiapitiis
1145 3083 1197 3131 loro

113 3154 140 3201 in
159 3153 306 3213 baptismate
326 3155 445 3202 iohannis
464 3168 470 3200 r
490 3154 547 3214 quis
568 3152 644 3212 igitur
668 3157 841 3216 plebemque
852 3155 971 3203 iracundis
980 3156 1048 3215 prius
1056 3155 1110 3201 erat
1119 3154 1196 3201 virtu·

113 3221 210 3271 dubitet
228 3223 274 3270 Dei
293 3235 346 3271 esse
367 3223 499 3271 consilium
515 3222 542 3268 in
554 3222 643 3269 Christi
668 3226 734 3273 tibus
754 3225 885 3273 fructuosa.
905 3225 1067 3271 Conlarernnt
1084 3222 1195 3280 Hebraei,

112 3289 226 3338 lavacro!
236 3291 287 3338 Hoc
300 3289 475 3338 esicontihum
485 3289 549 3350 quod
563 3289 643 3348 mathi
668 3306 723 3342 cum
739 3294 842 3354 vestigia
856 3305 940 3340 eorum
956 3292 1025 3340 tactu
1041 3291 1145 3338 iiarnrnaa
1157 3304 1196 3338 ro-

113 3358 209 3407 censilii
230 3360 335 3417 Angelus
356 3359 463 3418 reperit,
482 3357 549 3418 quod
571 3370 644 3405 nemo
667 3364 743 3411 rantis
757 3362 945 3419 humescerent,
957 3362 983 3407 et
998 3361 1196 3421 inlusentraquc

112 3428 240 3488 cognovit:
250 3430 305 3489 Quia
313 3431 374 3475 enirn
385 3429 644 3488 coenositrcaromiio-
667 3431 808 3480 ardentibus
819 3430 947 3487 omnihus;
958 3429 1022 3476 solos
1037 3429 1119 3475 minen
1135 3428 1197 3487 ignia

112 3499 171 3546 mini
179 3497 189 3544 i
197 3496 444 3544 iiominisconsitium
455 3508 527 3543 nemo
537 3497 644 3544 conitere·
668 3500 783 3547 innoxius
794 3499 927 3556 lamberet,
937 3509 984 3544 nec
995 3497 1117 3544 adureret.
1133 3497 1196 3543 hba·

112 3567 164 3625 uit,
182 3566 228 3614 Dei
244 3565 373 3612 consilium
390 3565 447 3625 quis
462 3563 567 3613 reiuleti
584 3567 643 3625 Ergo
667 3580 713 3615 cuc
734 3577 831 3626 quoque
849 3564 945 3612 cantico
964 3565 1090 3625 publicam
1111 3563 1197 3611 doctus

111 3636 180 3696 quasi
190 3634 234 3681 filii
244 3632 516 3691 malremjustiticomus
522 3634 642 3692 ,matrem
667 3633 774 3681 mulcere
791 3634 944 3693 moestitiam,
963 3632 1121 3693 prophetarit
1140 3633 1197 3679 dul·

111 3714 252 3765 sequamur.
263 3701 358 3749 scimus
367 3701 426 3761 quia
442 3702 520 3750 mater
530 3715 574 3763 pro
584 3702 644 3750 liliis
667 3716 720 3751 cem
737 3703 835 3750 Domini
850 3702 902 3750 lore
917 3702 1031 3751 iidolibus
1048 3700 1195 3761 passionom.

112 3785 139 3822 se
149 3771 346 3833 otiertpericulo.
357 3770 440 3819 tlatris
448 3772 574 3832 sapientias
585 3783 643 3820 coo·
666 3771 829 3820 &auserunt
839 3783 896 3832 eruo
906 3771 1033 3831 prophetas
1041 3769 1196 3828 spiritalibus

111 3841 181 3903 cilio,
192 3840 277 3891 matris
285 3839 427 3889 obediamus
436 3840 549 3904 imperto.
666 3841 771 3889 modulis
785 3841 891 3902 publica
906 3839 992 3888 salutis
1005 3838 1104 3886 oracula
1115 3839 1196 3885 resul-

123 3923 150 3965 v.
164 3924 423 3970 aacmuvimmvobb.
438 3927 459 3963 cr
474 3922 629 3963 assurum:
667 3909 753 3956 lantes.
784 3908 917 3956 fleverunt
946 3906 1072 3967 propbeta
1101 3905 1196 3952 threnis

191 3977 448 4024 ιΙΠΙαΙΙΙῑὼΰῑϋιθῑῐῑοιι
460 3976 561 4026 prorsuis.
666 3976 792 4024 flebilibus
809 3977 870 4026 dura
882 3974 1021 4023 iudeorum
1040 3972 1112 4021 corda
1131 3973 1197 4018 rnul-

141 4049 166 4098 ll.
176 4048 226 4096 Etsi
242 4060 291 4097 non
301 4048 434 4110 incongrua
444 4048 497 4096 hec
508 4058 642 4106 pueromm
666 4047 757 4094 centes.

111 4115 241 4168 rideantur
252 4129 304 4166 osse
314 4128 437 4179 persone,
448 4114 490 4177 qul
500 4115 641 4164 leremeor·
695 4113 718 4162 8.
732 4113 819 4161 llocuit
834 4124 877 4160 nos
893 4110 1016 4173 Scriptura
1030 4110 1128 4159 cariture
1140 4121 1196 4170 pra-
