2632 4784
385 411 628 460 EPlS'PObARUH
642 413 783 462 duisels
798 417 818 460 Ι.
1103 415 1147 461 ‘ili

60 491 117 540 risu
127 491 155 541 et
164 489 265 552 auditu,
275 490 372 541 horrort
382 494 408 541 et
418 492 507 554 pudori
517 491 592 542 sueti
616 493 717 544 ditionis
726 496 824 546 servilis
834 497 911 547 Altini
922 497 1033 559 inspectu
1044 497 1070 547 et
1079 499 1147 546 retes·

61 559 173 621 benique
183 571 234 608 non
243 558 347 609 minime
358 561 436 609 etiem
453 561 480 609 lu
491 561 541 610 tuis
552 561 593 610 lit·
615 561 680 624 ute,
690 565 775 626 postes
782 565 913 615 lediolsni
923 578 973 615 uon
982 580 1038 616 meo
1045 567 1146 628 quidem

60 629 121 678 toris
135 628 238 679 tentate
256 630 424 691 expressionis
441 630 592 679 verecundia
614 630 697 694 iussu,
707 633 751 682 sed
760 633 858 683 tticentl
867 647 899 683 ox
908 635 1007 684 tribum
1016 638 1043 684 et
1050 637 1147 684 noterio

60 698 108 747 est.
118 698 178 758 onas
195 710 253 759 ergo
267 699 322 747 stne
340 699 429 747 damno
447 699 548 760 pudoris
565 700 592 748 in
616 700 709 750 domiui
724 703 766 751 rel
778 703 873 764 patroni
885 705 923 753 sui
940 705 1067 754 rotuutute
1082 705 1146 754 risi-

48 767 150 817 ‘elienis
157 766 259 815 auribus
267 779 382 816 moenere
391 779 440 815 non
448 768 551 829 queunt,
562 780 591 816 eu
616 768 666 817 tatu
674 770 731 819 esto
739 772 886 831 peritissime
896 775 921 822 et
928 774 1045 835 locupleti
1055 772 1146 822 temtus

60 833 197 894 pomuntiu
207 833 305 896 virgine
315 832 369 882 siue
381 832 435 893 eius
445 834 535 883 tentari
545 847 592 883 re·
615 836 754 895 huiusmodi
764 840 839 900 artis3
851 841 877 890 et
885 854 940 890 cum
948 841 1022 891 simut
1032 843 1079 891 istu
1087 854 1146 903 sup·

59 900 196 950 recuudtni
375 951 380 960 ,
615 906 743 966 peterent,
759 909 786 956 ut
795 920 876 969 neque
887 910 1018 970 paupertas
1028 909 1145 970 obstetri-

90 969 115 1018 o.
140 969 259 1018 invenisti
280 970 328 1019 tihi
350 971 401 1020 uile
425 971 590 1033 manolpium,
615 973 1144 1039 eissuspectsmiaceretssdem,uequeiu-

60 1051 189 1100 proeeeem
199 1041 340 1102 vernulam,
356 1053 401 1089 cur
415 1052 466 1089 nou
482 1041 591 1090 abuteris
615 1041 727 1092 docilitas
734 1045 991 1106 importumtatem
1003 1047 1082 1099 edhue
1092 1057 1143 1095 mn·

60 1107 204 1169 pudibundo
219 1109 369 1170 ministerio,
381 1110 408 1158 et
417 1122 527 1170 exponas
537 1109 592 1167 ejus
615 1112 659 1159 net
666 1113 777 1172 questio.

60 1177 220 1238 modestlrm3
232 1190 288 1226 oum
299 1179 436 1238 presertim
446 1178 511 1226 nihil
521 1190 591 1228 seuc-
644 1179 669 1227 9.
688 1181 761 1240 Quid
771 1182 864 1244 proluit
881 1183 1021 1246 igituresm
1041 1183 1144 1246 inspici,

60 1244 111 1294 tius
128 1245 156 1293 ln
170 1245 268 1307 uirgine
278 1245 324 1306 stt,
336 1259 412 1308 quam
423 1245 592 1295 verecundie?
615 1259 669 1295 cum
680 1247 803 1299 mmnetio
811 1251 924 1301 menesii
935 1253 993 1300 item
1002 1252 1144 1314 utquisque

59 1314 113 1363 hon
130 1314 198 1363 enlm
214 1326 282 1362 secra
301 1314 369 1375 uirgo
379 1316 409 1363 ut
425 1327 527 1376 corpore
537 1316 591 1363 teu·
615 1316 734 1377 uoluerit,
746 1320 790 1368 aut
800 1320 942 1381 imperitam
953 1321 1089 1379 medicem,
1100 1320 1145 1367 aut

60 1384 186 1433 tummodo
202 1383 299 1444 integre
314 1386 347 1432 sit
356 1383 488 1446 quaeritur,
500 1385 527 1432 et
542 1396 590 1431 non
614 1386 750 1435 redemtam
759 1388 870 1447 adseren
882 1389 919 1439 ite
928 1391 983 1438 siue
994 1390 1084 1438 etieotu
1093 1387 1145 1436 ulio

60 1452 89 1501 ut
105 1452 133 1500 iu
149 1452 264 1501 omnibus
279 1453 333 1513 eius
344 1453 475 1501 inotiensus
492 1453 590 1501 nmneet
614 1453 704 1513 iniuria
725 1447 884 1517 inspectionis
899 1459 946 1506 est.
964 1455 1034 1516 Quid
1052 1453 1144 1504 deinde

60 1519 233 1582 pudonl'trgo
244 1521 345 1569 bomini
361 1518 529 1570 suisestuixa
542 1519 591 1569 tul·
614 1519 671 1568 ilett
690 1522 898 1587 Quotiescumque
924 1522 1073 1582 emerserit,
1100 1520 1145 1582 qui

61 1591 109 1640 cris
128 1590 160 1638 ed
176 1591 217 1639 sui
233 1590 417 1651 probationem,
435 1602 482 1638 nec
502 1589 590 1637 alienis
614 1602 664 1638 non
674 1593 775 1653 credet,
786 1592 861 1643 toties
870 1593 940 1655 uirgo
950 1587 1144 1642 ndtrectnhiturt

61 1658 158 1708 dotibus
166 1660 235 1720 eget3
246 1662 275 1708 ut
283 1672 310 1709 se
319 1659 441 1720 virginem
452 1659 538 1719 prohet
548 1673 555 1704 r
565 1659 590 1706 et
614 1658 673 1706 Nem
690 1660 711 1706 si
723 1673 841 1722 umquam
851 1673 878 1710 se
889 1661 1141 1713 visitundaruabnue·

60 1728 481 1790 nesabditorum,occultornmque
492 1727 590 1787 inspee·
613 1727 816 1785 rit,secundu1n
836 1729 1002 1778 adsertionem
1022 1729 1091 1781 tuem
1112 1727 1144 1774 do

61 1797 110 1857 tio,
120 1797 163 1846 sed
174 1798 247 1846 obvia
256 1799 370 1847 omnihus
380 1797 498 1845 modestia
515 1795 590 1845 edsti·
614 1795 717 1844 crimine
728 1798 903 1858 confitebitur3
920 1799 948 1846 et
960 1798 1057 1847 facilius
1067 1799 1106 1846 est
1116 1797 1145 1846 ut
1186 1824 1188 1829 <

60 1865 161 1927 putatum
175 1866 390 1928 integritatibus
406 1875 506 1913 seneen
523 1864 589 1923 Deo,
614 1862 705 1912 reiutet
726 1866 792 1926 qnod
811 1878 946 1927 numquam
964 1866 1053 1915 iecerit
1070 1877 1143 1927 quem

60 1947 135 1998 quam
144 1947 193 1984 nen
204 1948 302 1984 suorum
313 1935 419 1996 gravitas
428 1945 523 1981 morum
533 1945 590 1993 pro·
613 1932 678 1991 quod
689 1933 785 1983 iecerit.
797 1934 964 1982 variabuntur
976 1934 1054 1996 igitur
1061 1934 1144 1983 obste-

61 2004 103 2052 bst
115 2017 121 2052 :
134 2015 182 2052 non
192 2004 310 2065 probatur
320 2003 441 2062 Domino,
451 2012 505 2061 quae
517 2000 590 2051 unius
615 2000 701 2061 trices,
721 2015 753 2051 ne
772 2005 893 2064 suspecte
914 2003 999 2064 alique
1016 2001 1144 2063 repetetur

10 2070 14 2077 '
60 2073 200 2123 obstetricis
224 2072 320 2133 indiget
344 2069 500 2140 testimonio,
523 2068 590 2130 quod
612 2071 705 2130 gratiae.
717 2072 771 2123 Erit
779 2073 863 2134 itaque
872 2072 940 2122 inter
948 2073 1044 2134 plures,
1056 2083 1145 2134 quem·

60 2143 207 2202 plerumque
225 2141 348 2202 queritur
372 2139 461 2201 pretio.
480 2139 512 2185 Es
531 2150 589 2199 orgo
613 2152 686 2199 quam
696 2153 830 2200 paucerum
845 2142 920 2192 etiem
930 2142 957 2190 iu
968 2142 1062 2203 megnts
1073 2141 1144 2195 urbi,-

60 2210 106 2261 ttbi
121 2210 229 2272 locuples
245 2209 344 2258 ridetur
356 2209 387 2256 ad
397 2208 486 2267 tidem,
496 2219 552 2268 que
564 2207 589 2254 et
613 2209 659 2256 bus
668 2209 708 2257 hic
716 2223 773 2259 usus
780 2211 897 2260 medendi
903 2211 936 2261 sit
946 2225 958 2271 tv
966 2211 1142 2273 eritisquaun

59 2281 149 2330 redimi
160 2284 185 2329 et
194 2280 245 2327 tolli
256 2280 351 2341 potest3
361 2280 387 2326 ut
399 2279 501 2327 excuset
511 2289 588 2336 ream,
613 2277 653 2326 vei
664 2279 799 2340 malevola,
815 2281 857 2330 uel
868 2281 1001 2342 impertis,
1011 2288 1086 2342 quum
1095 2292 1142 2340 pu·

60 2349 192 2398 eterimen
210 2350 290 2410 teget,
309 2350 352 2396 aut
369 2348 477 2406 neseiat,
497 2347 523 2395 et
540 2358 588 2394 non
612 2347 793 2397 dorisclaustra
803 2350 966 2411 praetereunt,
977 2348 1143 2411 etperimpo-

60 2417 136 2478 possit
147 2415 267 2476 flagitium
279 2412 482 2474 deprehenderet
613 2416 694 2462 ritiem
717 2418 813 2477 integro
834 2419 917 2466 notem
939 2418 1022 2477 singu
1043 2416 1140 2478 pudori.

90 2486 114 2533 7.
126 2486 209 2547 Neque
219 2495 279 2532 vero
296 2482 358 2529 iilud
372 2483 464 2540 justum
475 2481 589 2542 arbitror,
612 2482 688 2531 Vides
698 2484 724 2530 in
735 2485 801 2546 quod
816 2485 955 2544 periculum
971 2484 1073 2532 irrducus
1090 2483 1143 2530 uir·

59 2555 125 2617 quod
136 2554 185 2601 tuis
197 2550 404 2611 comprehendisti
415 2551 518 2610 titteris,
529 2552 587 2611 quia
612 2550 719 2610 giunlem
725 2553 977 2613 professionemdum
983 2551 1141 2601 obstetricem

59 2623 108 2671 uisi
119 2622 228 2681 inspecta
240 2618 327 2677 tuerit,
346 2618 473 2677 integritas
489 2620 589 2679 pericii·
613 2619 776 2669 udiribendam
787 2622 873 2683 putas3
891 2623 919 2670 ut
928 2622 979 2682 lam
995 2633 1045 2670 nou
1062 2620 1141 2668 solum

58 2693 137 2749 tetur,
149 2691 174 2736 et
187 2688 280 2734 incerto
290 2688 328 2734 sui
340 2686 452 2735 fluctuet.
464 2689 526 2748 Ergo
536 2700 589 2735 om·
614 2688 767 2737 vereeuudln
785 2701 835 2737 sues
844 2688 991 2750 dispendio,
1010 2687 1140 2737 sedetiam

59 2771 104 2806 nes
116 2769 170 2817 quae
184 2756 299 2816 inspecte
307 2768 356 2803 nou
370 2756 440 2814 suut,
451 2756 588 2816 periculum
612 2753 750 2803 obstetricis
760 2754 855 2803 incerto
868 2756 1033 2816 periclitetur.

59 2826 189 2875 subierunt
201 2823 318 2886 pudortsl
335 2826 397 2884 Ergo
413 2825 440 2872 et
455 2836 512 2885 qum
522 2837 587 2886 nup·
642 2822 680 2871 io.
698 2824 767 2873 llunc
782 2824 966 2873 consideremus
976 2824 1041 2885 quod
1057 2823 1141 2873 obstes·

60 2897 121 2945 ture
135 2894 205 2952 sunt,
224 2893 293 2953 prius
307 2892 480 2954 inspicientur,
499 2894 528 2941 ut
538 2907 587 2942 nu·
612 2890 680 2938 tricis
688 2891 796 2941 otticium
804 2893 846 2941 sit.
858 2894 973 2955 Legimus
980 2893 1055 2942 etism
1065 2893 1142 2941 inre·

58 2962 292 3023 bsntprohatiorest
302 2966 363 3024 Ergo
374 2963 400 3011 et
410 2976 464 3024 quse
476 2963 587 3012 retunde
610 2962 658 3010 teri
672 2962 828 3012 ‘testamento
845 2962 1007 3021 obstetrices,
1027 2963 1071 3012 sed
1089 2975 1139 3011 non

59 3034 586 3096 sunt,priussubliciendeesunthujusmodi
611 3032 789 3092 inspectrices:
803 3033 909 3096 denique
927 3033 960 3081 ad
975 3031 1141 3094 parturientes

58 3102 587 3165 edueetetioni,nouenimvisitantur,sed
612 3099 826 3160 ingrediebantur,
846 3113 897 3148 non
913 3101 944 3148 ed
965 3101 1091 3162 uirgines3
1112 3102 1142 3150 ut

58 3170 586 3222 adtrectautur:etreetiussecundumtuam
611 3170 695 3225 partus
714 3168 880 3227 susciperent,
901 3179 950 3214 non
970 3170 999 3217 ut
1020 3169 1140 3228 pudorem

59 3243 207 3291 sententium
234 3240 366 3300 inspicitur
393 3249 443 3286 non
470 3237 585 3299 probate,
611 3235 896 3283 examinarentlindeet
904 3235 1048 3283 obstetrices
1058 3235 1140 3295 diets,

57 3321 132 3371 quem
149 3308 298 3358 consecratu.
611 3316 641 3351 eo
660 3303 725 3362 quod
743 3303 862 3351 obsistant
879 3302 958 3350 dolori
979 3316 986 3349 ε
1009 3304 1050 3352 ret
1072 3303 1141 3352 certe

88 3378 112 3427 8.
120 3376 356 3438 Quid,quedetinm
367 3373 414 3434 ipsi
422 3373 539 3421 archiatri
549 3373 587 3420 di·
609 3371 719 3433 pignori,
743 3384 775 3421 ne
793 3372 883 3420 laxetis
905 3371 971 3419 uteri
989 3371 1142 3433 genitalibus

59 3448 176 3495 cuntuon
188 3445 347 3505 satisliquido
358 3441 534 3502 comprehendi
548 3443 587 3489 in·
610 3441 737 3501 claustris,
756 3441 888 3488 interram
907 3440 1008 3488 defluet.
1028 3440 1140 3488 Secunde

57 3517 191 3578 spectionis
201 3516 289 3575 tidem,
299 3515 325 3562 et
335 3514 395 3574 ipsis
403 3509 532 3561 medicine
543 3523 587 3560 ve-
611 3509 636 3556 et
652 3509 726 3556 tertio
738 3509 790 3556 leco
804 3508 829 3557 in
848 3509 982 3569 Scripturts
999 3508 1141 3556 invenimus
1203 3569 1206 3574 ³

58 3587 131 3635 iustis
146 3583 288 3633 doctoribus
302 3583 329 3631 id
347 3582 479 3632 sententie
494 3579 587 3629 luisset
610 3578 754 3627 obstetrices
764 3579 888 3627 adhibitus
899 3592 906 3626 ε
918 3578 963 3626 sed
975 3579 1067 3639 ubique
1085 3592 1141 3638 per·

58 3654 105 3701 itos
115 3663 267 3713 quoqueusu
281 3651 326 3698 hoe
337 3650 510 3709 eognovimus,
522 3660 586 3709 sepe
611 3647 665 3706 tui,
682 3658 802 3707 nusquam
820 3647 977 3708 inspectioni.
996 3648 1076 3695 Primo
1098 3648 1140 3695 ubi

58 3723 124 3770 inter
134 3720 280 3769 obstetrices
295 3719 405 3767 obortam
424 3717 585 3778 varietatem,
611 3716 702 3764 Rachel
720 3715 840 3776 parturit,
858 3715 948 3764 deiude
964 3715 1010 3764 ubi
1033 3716 1142 3763 Thamar

58 3788 507 3851 etquestlonemcxcitatsm3utp1us
517 3787 586 3835 dubi·
610 3786 688 3846 perit,
700 3783 775 3833 tertie
791 3784 834 3832 ubi
850 3783 973 3832 necandos
983 3796 1063 3832 meres
1078 3784 1141 3830 Phu-

59 3859 136 3909 tstum
146 3859 178 3905 sit
189 3858 219 3905 de
229 3869 272 3917 ee,
292 3870 347 3918 que
363 3856 541 3917 inspiciendam
560 3868 585 3904 se
611 3866 653 3901 rao
665 3853 763 3902 mundet
782 3852 940 3901 ltebraeorum
952 3851 1140 3910 obstetricibus3

57 3928 206 3990 prebuerit,
217 3939 291 3987 quam
300 3927 331 3975 de
340 3939 369 3975 ea
380 3939 436 3987 que
449 3938 498 3973 uon
509 3925 584 3974 tuerit
610 3924 706 3985 quando
714 3923 894 3983 responderunt
902 3923 951 3970 illes
959 3955 967 3982 ,
976 3934 1025 3971 non
1035 3933 1064 3968 eo
1072 3932 1140 3968 mors

59 3997 179 4056 inspectu.
190 3995 319 4056 Siquidem
326 3996 352 4043 et
361 3995 473 4057 proximo
485 3993 511 4042 id
519 4005 586 4044 eom·
610 3991 725 4040 liehraess
740 3991 843 4040 tetuinus
858 4003 959 4053 perere,
978 4003 1026 4052 que
1042 3989 1142 4049 pariunt

58 4063 170 4132 perimus
183 4062 299 4124 exemplo
311 4075 317 4110 ε
331 4073 388 4111 nem
399 4061 510 4123 quedam
528 4073 585 4112 con·
610 4061 744 4124 eppone:
762 4060 805 4111 scd
823 4061 937 4112 ltebreas
953 4059 1022 4123 prius
1041 4069 1154 4129 perere,-
