2632 4784
397 351 643 403 EHSTOLABU!
659 357 797 405 clamis
811 362 830 405 l.
1115 360 1161 411 w?

73 431 159 489 musa
173 431 280 486 nomino
299 437 381 486 nostro
398 439 425 486 et
435 440 496 488 beo.
507 439 534 487 si
550 438 607 500 quis
660 441 699 490 lli.
713 443 792 501 Quian
803 442 945 503 boatoaqui
961 440 1068 492 radicem
1084 445 1162 495 ultio·

74 518 222 569 conuecto
238 506 294 556 vult
310 519 385 567 quan
401 508 549 556 mercenarii
564 521 606 555 su·
629 521 684 557 rum
707 523 820 558 resecare
840 511 952 570 potuerit
971 512 1115 561 avaritiaml
1137 515 1160 562 ls

73 586 137 639 mus,
148 574 235 624 audiat
245 573 368 623 (licentem
379 588 387 622 r
397 578 496 637 manib
506 577 606 637 mnibus
629 575 739 636 prolecto
750 577 865 625 stateram
878 577 941 626 banc
953 590 1001 625 non
1012 579 1159 629 rotormida·

72 645 354 705 mmcnipctnsne·
363 642 605 704 animatisque*
629 645 675 693 bit.
686 646 796 693 Avaritia
815 646 884 694 enlm
905 647 1052 707 plerumque
1072 662 1158 700 senous

73 718 119 763 tem
136 715 174 762 bic
191 714 256 773 {cmc
265 726 350 774 peno3
361 715 386 761 et
397 713 461 761 intra
472 726 480 760 c
491 716 541 761 Fac
552 728 603 774 me,
628 711 730 761 hebetat
741 714 875 774 humanos,
885 717 912 764 et
922 716 1043 775 pervertit
1060 719 1158 778 opinio-

73 784 169 844 ioqutt,
186 784 331 831 masam
341 785 541 831 mercenariorum
552 786 604 831 tao-
628 792 687 840 nea3
703 783 731 830 ut
747 785 869 842 questum
883 785 1002 845 pietatem
1016 788 1120 847 putent,
1131 790 1157 838 et

72 866 134 900 ram.
151 852 243 900 omues
256 852 423 910 mercenarii,
438 863 525 899 omues
543 864 603 912 ope-
627 853 758 910 pecuniam
767 855 837 913 quasi
852 854 993 902 mercedem
1007 857 1155 915 prudentias.

72 920 131 969 raril
150 933 158 969 c
174 922 218 982 qui
240 923 325 969 umen
343 919 451 968 lmctum
473 922 603 982 exspectat
627 920 718 969 llerces
737 921 822 969 autem
844 934 931 983 magna
948 923 1050 984 pletatis
1062 928 1113 986 est,
1129 927 1156 974 et

72 989 176 1050 laboris,
194 989 335 1038 consideret
351 989 417 1049 quod
433 989 510 1050 isqui
525 990 601 1037 alium
626 989 732 1047 quastus
747 989 904 1050 sobrietatis,
916 991 1008 1040 babere
1023 994 1088 1053 quod
1098 995 1155 1044 usui

72 1059 186 1107 mercede
205 1057 359 1108 fraudaverit
377 1058 484 1117 debita,
504 1060 529 1106 ct
548 1058 601 1120 ipse
626 1058 664 1104 est
674 1057 741 1106 satio.
753 1058 818 1117 Quid
828 1059 931 1108 enimin
942 1061 1087 1110 boemundo
1098 1076 1155 1123 pro-

71 1129 225 1178 traudsbitur
242 1141 294 1176 sua.
305 1129 465 1175 funeratum
482 1127 550 1176 istud
565 1128 601 1176 ot·
624 1127 832 1176 suntdivitianum
842 1129 1043 1190 superdua3cum
1054 1131 1154 1182 lniiset

71 1197 150 1247 tendit
159 1231 167 1257 ,
176 1198 202 1245 et
213 1200 299 1259 postea
310 1197 473 1245 cumulatiore
485 1209 599 1245 mensura
624 1198 691 1243 nulla
702 1197 844 1255 adjumenta
854 1199 971 1247 nascendi
982 1201 1040 1260 sint,
1051 1213 1096 1249 nec
1106 1203 1153 1249 im·

71 1268 192 1316 exsolvet.
205 1270 268 1329 lingo
278 1267 321 1329 qui
336 1280 386 1315 non
396 1268 452 1316 vult
465 1267 598 1330 amittere,
624 1264 764 1324 pedimenta
775 1266 979 1316 moriendilltam
988 1270 1012 1316 et
1023 1269 1076 1318 sine
1088 1270 1154 1319 inte-

70 1337 135 1398 quod
146 1339 184 1386 est
202 1339 425 1399 perpetuum,non
439 1336 598 1397 eripiatalll,
623 1337 737 1394 numento
755 1336 782 1384 in
802 1337 955 1386 boemundo
973 1337 1112 1401 nascimur,
1126 1343 1153 1391 et
1203 1379 1204 1382 ,

69 1408 135 1468 quod
146 1407 280 1468 temporale
293 1408 339 1455 est.
622 1403 676 1451 aine
684 1405 773 1454 viatico
780 1405 998 1468 discedimua,slne
1007 1405 1153 1462 hereditate

99 1477 139 1524 ld.
151 1478 227 1525 Nemo
237 1476 315 1525 etiam
332 1476 359 1523 lu
370 1476 426 1524 dolo
442 1475 556 1537 loquatur
566 1476 598 1525 ad
622 1474 764 1532 sepelimur.

70 1547 210 1609 proximum
225 1559 306 1595 suum.
317 1546 429 1606 Laqueus
440 1547 478 1594 est
488 1547 514 1594 ln
525 1547 597 1595 labiis
652 1542 690 1590 lo.
699 1543 794 1593 Pendet
802 1543 1052 1606 singulianostrorum
1059 1550 1151 1601 etaim

69 1616 172 1678 nostris,
192 1617 218 1664 et
233 1627 298 1676 sepe
317 1615 486 1675 unusquisque
503 1629 598 1664 sermo-
621 1610 854 1674 medorumque
865 1615 962 1676 exiguis
972 1618 1012 1665 rel
1024 1618 1081 1666 boui
1092 1632 1151 1682 ope-

68 1685 596 1744 nibossuisnonexplicatur‚aedinvstvi-
621 1678 668 1740 ris,
688 1682 731 1729 rel
753 1682 884 1743 degeneris
903 1684 990 1745 untur
1019 1689 1150 1742 momentis

68 1757 116 1804 tur.
128 1756 207 1803 Perea
217 1755 266 1802 alta
275 1757 314 1802 est
323 1766 350 1801 os
360 1753 475 1802 malevoli
486 1767 493 1800 ε
505 1755 596 1814 pande
621 1749 668 1796 buc
676 1750 749 1810 atque
758 1749 818 1799 illuc
826 1764 890 1810 supe
899 1752 1034 1802 inclinatur
1042 1758 1075 1804 :si
1084 1759 1150 1806 mala

68 1825 214 1873 innocentie
240 1824 421 1885 precipitium,
444 1822 488 1871 sed
516 1823 596 1880 maius
621 1818 735 1876 venant,
747 1819 797 1866 beu
813 1820 868 1867 mel
884 1821 904 1867 si
920 1822 994 1883 bona,
1011 1828 1099 1883 presto
1111 1829 1149 1878 est

68 1893 256 1942 malevolentia.
267 1894 389 1939 innocens
399 1890 459 1937 dum
469 1890 548 1937 credit
560 1890 595 1938 la·
620 1887 702 1935 venia.
711 1889 787 1936 Nemo
798 1889 865 1936 eninr
875 1902 890 1936 a
901 1891 1001 1950 peccato
1013 1893 1147 1945 immunisc

68 1961 129 2021 elle,
141 1960 355 2020 cltolablturqaed
366 1958 596 2018 tamenlstelapsus
619 1957 662 2004 sed
679 1958 724 2005 ubi
744 1959 901 2018 propendunt
920 1960 998 2019 bona,
1017 1963 1149 2015 elevantur

67 2032 189 2093 reaurqitc
199 2030 336 2078 maledicus
347 2031 429 2077 autem
442 2028 492 2076 auia
500 2029 594 2077 artibus
619 2026 733 2084 peccata,
743 2026 935 2086 obumbrantur,
950 2029 1075 2086 teguntur.
1086 2033 1148 2092 iii-30

66 2103 245 2164 precipitatur,
261 2101 327 2148 uude
346 2112 480 2159 numquam
495 2099 595 2149 exsiliat
619 2093 645 2140 in
656 2093 696 2141 die
710 2093 798 2152 iudicii
816 2096 859 2143 aut
869 2096 951 2143 nostra
962 2098 1149 2157 opitulabuntur

66 2173 139 2234 atque
150 2172 248 2220 eradat.
259 2170 379 2217 Funderet
390 2181 447 2228 erqo
461 2170 595 2229 uuusquis-
618 2164 689 2211 nobis
706 2176 795 2224 opera,
815 2166 859 2213 out
877 2164 931 2225 ipsa
941 2178 984 2214 nos
999 2168 1025 2215 in
1043 2171 1148 2229 prolun-

66 2253 115 2302 que
125 2251 250 2288 sermonen
258 2250 314 2286 suos
322 2270 330 2296 ,
339 2248 389 2284 non
402 2248 459 2283 cum
472 2236 556 2282 truude
568 2240 594 2286 et
618 2233 814 2294 dum,tamquam
822 2234 908 2282 molari
917 2235 1044 2295 depressos
1054 2238 1146 2300 lapido,

66 2310 120 2358 dolo
135 2311 248 2357 cstctcro
263 2307 340 2366 sotlec
355 2304 515 2365 improbabilis
531 2309 594 2366 cpssd
619 2303 739 2360 metuent.
752 2303 839 2350 Gravis
853 2303 891 2351 est
907 2305 991 2364 enim,
1009 2308 1095 2368 utpote
1109 2310 1147 2358 ta·

65 2381 161 2428 mm:
176 2389 226 2424 non
244 2376 314 2422 illam
330 2374 444 2421 stateram
459 2374 528 2433 dico,
539 2387 593 2434 quae
619 2370 685 2416 lento
696 2371 813 2430 plumbeo
831 2372 944 2431 sullulta,
959 2373 1093 2436 iniquilas3
1107 2378 1146 2425 in·

65 2457 173 2495 mercem
179 2442 408 2505 appenditalieuam
418 2440 492 2501 (etin
502 2442 593 2489 rilibua
618 2439 753 2485 tolerabilis
763 2440 880 2498 avaritia,
892 2442 966 2499 atque
976 2444 1147 2505 omnicaupor·

64 2515 165 2576 quidem
173 2513 309 2560 rebuscuro
317 2507 591 2570 constatlallucia);sed
618 2506 674 2564 bia,
685 2507 748 2552 tetra
760 2505 934 2556 fraudulentia.
944 2509 972 2555 et
984 2511 1040 2559 ideo
1048 2513 1146 2564 hortare

64 2585 156 2633 statera
172 2583 304 2629 verborum
321 2579 374 2638 ipsa
390 2577 455 2636 apud
466 2578 545 2624 Deum
555 2582 592 2627 est
619 2575 716 2633 plebem
729 2574 827 2621 Domim
846 2573 946 2635 sperare
965 2581 1042 2639 magis
1059 2581 1085 2627 in
1097 2583 1147 2630 llo-

64 2651 289 2708 execrabilis‚qnae
299 2645 532 2706 prannditpondus
540 2659 593 2707 pra-
618 2642 824 2701 mino,ubundare
832 2641 858 2690 in
867 2642 962 2692 divitiis
971 2647 1148 2708 simplicitatis,

63 2723 148 2771 ritulis
165 2718 266 2775 sobrie,
282 2719 308 2763 et
326 2715 451 2763 subnectit
470 2718 592 2765 versutias
619 2713 643 2761 iu
662 2712 752 2773 quibua
768 2712 879 2760 ambulet
897 2713 951 2762 siue
967 2715 1073 2778 laqueo,
1091 2719 1145 2768 sinc

63 2787 244 2840 iraudulentiu.
256 2787 306 2834 Hoc
324 2785 432 2832 maxime
447 2785 591 2836 condemnat
616 2782 803 2842 impedimento·

62 2862 142 2916 Deus,
163 2857 185 2904 si
206 2855 315 2916 decipiat
337 2853 426 2915 aliquia
450 2855 590 2913 proximum
648 2854 685 2900 li.
697 2854 762 2900 Bona
775 2851 850 2900 etiam
861 2854 916 2913 pnrl
933 2857 1054 2906 sermonis
1063 2856 1145 2907 alnce·

62 2941 135 2977 suum
146 2925 319 2987 promissorum
329 2923 493 2983 benignitate,
500 2924 526 2971 et
533 2926 591 2973 sub-
616 2921 691 2981 ritas,
703 2921 729 2970 et
740 2920 850 2981 locuples
868 2921 934 2982 apud
943 2925 1036 2986 Deum,
1046 2927 1144 2976 etiamst

62 2998 117 3046 dola
126 2995 255 3055 iniquitate
266 2993 445 3041 detoeneratum
455 2994 589 3053 opprimat,
616 2990 681 3038 luter
692 2992 792 3052 laqueos
802 2990 925 3050 ambulet3
936 2991 1019 3042 nmen
1030 2995 1089 3055 quia
1099 2996 1143 3045 alii

63 3066 125 3114 nibil
139 3064 184 3111 sibi
196 3063 339 3124 profuturus
354 3062 450 3108 astutiae
465 3074 515 3109 sum
529 3064 589 3111 arti·
614 3060 693 3107 nescit
709 3059 810 3107 insidias
821 3061 865 3107 aut
882 3059 981 3110 rmcula
999 3062 1143 3125 innectere,

62 3130 590 3192 bus.Quidenimprodestbomiui,sitotiua
615 3140 661 3174 non
673 3128 797 3187 alligatur.

62 3203 147 3251 mundi
171 3203 251 3262 captat
277 3211 350 3260 opes,
374 3200 479 3245 animam
505 3202 588 3248 autem
644 3197 683 3244 18.
694 3196 759 3242 illud
769 3206 868 3254 quoque
879 3197 1073 3259 praecipuum‚sl
1084 3213 1142 3262 per·

61 3285 130 3322 mam
141 3273 198 3320 vitm
209 3272 306 3319 eternae
314 3267 442 3315 defraudet
451 3268 589 3327 stipendio?
614 3265 717 3313 suadeas
735 3265 762 3311 ut
778 3264 894 3311 noverint
909 3266 1050 3326 humiliari,
1062 3270 1141 3317 sciant

92 3339 130 3385 lb.
143 3340 195 3386 illia
211 3337 260 3398 piis
276 3335 401 3383 mentibus
413 3335 588 3383 consideranda
614 3346 699 3381 verum
716 3331 865 3381 humilitatis
885 3334 1006 3393 colorem,
1027 3337 1140 3384 naturam

61 3409 150 3458 statera
159 3441 167 3466 ,
177 3419 225 3467 qua
236 3407 386 3466 singulorum
396 3403 459 3451 tacta
467 3404 588 3452 trutinan-
613 3404 736 3451 noverint.
748 3402 817 3450 llulti
829 3402 921 3449 babent
930 3403 1141 3465 bumilitatisspc·

60 3481 110 3535 tur,
120 3479 144 3524 in
155 3489 203 3536 qua
212 3477 357 3536 plerumque
365 3474 395 3520 ad
402 3473 523 3532 iudicium
531 3486 588 3533 pec·
612 3472 685 3531 ciem,
698 3471 815 3519 virtutem
825 3482 873 3518 non
882 3469 977 3518 habent
987 3484 995 3518 ε
1005 3472 1140 3521 multicana

60 3549 114 3595 cata
128 3546 300 3607 propendunt,
318 3545 361 3592 aut
376 3543 442 3591 bene
453 3545 520 3603 qesta
530 3557 587 3604 pec-
613 3540 887 3600 lorispnetendunt,et
898 3540 964 3589 intus
977 3541 1138 3602 impugnant:

60 3616 122 3664 catis
129 3615 324 3676 praeponderant.
334 3615 376 3660 Vre
387 3613 459 3673 milri,
468 3613 488 3660 si
497 3626 587 3673 pracce-
612 3611 642 3657 ad
653 3610 734 3658 lucum
743 3609 922 3669 praelcrunt,ad
930 3611 1060 3658 veritatem
1068 3611 1140 3671 abju-

59 3684 119 3732 dant
129 3683 307 3743 tluqitia,etad
319 3682 404 3729 mortis
415 3681 586 3742 praeiudicium
612 3683 680 3739 rant,
692 3679 722 3726 ad
730 3679 831 3740 qratiam
843 3679 933 3739 negant
944 3693 951 3725 c
963 3681 1005 3728 Est
1020 3680 1087 3728 enirn
1098 3684 1140 3743 qai

59 3750 584 3812 lctbullverqantponderel'l'olerabiliussi
611 3753 715 3810 nequiter
732 3749 840 3795 liumiliat
855 3762 893 3805 cc,
911 3750 933 3794 ct
953 3750 1067 3796 interiora
1087 3751 1137 3809 ejas

58 3821 240 3881 mbsequuntur
260 3821 343 3868 omnia
360 3820 441 3870 tamen
457 3819 585 3867 manileata
609 3821 679 3879 plenu
698 3820 752 3867 nant
769 3818 824 3865 doli.
845 3818 874 3863 Et
884 3817 974 3877 estqui
989 3829 1016 3864 se
1031 3818 1137 3865 nimium

58 3890 177 3948 Domino,
201 3889 227 3936 ct
240 3893 297 3938 ante
311 3890 431 3948 iudicium
443 3903 450 3935 c
464 3902 509 3937 uec
523 3888 585 3936 bona
610 3887 732 3935 submittit
742 3885 773 3934 ab
783 3885 924 3934 bumilitate
936 3885 1024 3934 multa.
1037 3886 1090 3932 Non
1099 3887 1137 3933 est

58 3958 262 4020 possuntlatere,
275 3959 511 4020 neceaqaaplena
528 3960 586 4007 aunt
610 3969 668 4017 erqo
693 3956 820 4004 humilitas
844 3954 892 4003 nisi
914 3954 969 4003 alne
993 3955 1062 4013 luco,
1082 3955 1137 4002 sine

58 4025 213 4084 offensionis,
224 4025 347 4074 abscondl.
611 4025 703 4074 iraude.
715 4026 768 4085 lpsa
784 4024 903 4083 cetron,
916 4036 971 4084 que
984 4023 1059 4071 babet
1069 4023 1136 4083 piam
