2632 4784
111 380 142 436 dd
498 385 626 433 *seueri
643 380 803 434 ΛΙΒΒΟΜΙ

111 465 167 514 ulcr
183 478 232 527 qua
249 464 367 515 Dominus
380 469 530 528 resurrexit,
544 470 570 518 et
584 467 642 518 suut
665 469 707 517 tur
724 469 751 518 lo
773 471 897 530 sentibus,
919 471 1003 521 cibum
1024 485 1058 521 ex
1080 467 1196 529 sentim

111 545 196 583 omues
205 534 259 583 dies
268 536 391 596 umqum
400 535 539 586 Dominlca.
664 537 773 597 eroum,
783 538 826 586 sed
834 539 959 588 decoloros
966 540 993 590 et
1000 539 1101 590 loetidos
1107 552 1194 606 greges

141 602 181 652 td.
190 603 242 651 urit
249 603 274 652 st
281 602 330 651 alis
341 604 468 653 Dominica
478 605 642 666 quallominl·
664 607 789 667 rentium,
798 609 899 668 populos
908 609 1033 656 nationum
1041 643 1049 670 ,
1057 610 1085 658 in
1092 624 1193 663 suorum

112 684 168 722 cum
178 673 641 734 eorpusresurgrtuontusnsrsulus
664 674 808 734 scriptorum
819 676 916 735 pascuus
925 676 1066 736 locaturus,
1082 679 1112 726 ut
1121 681 1193 741 spiri·

111 741 155 803 qul
166 741 217 791 ait:
228 744 275 792 Vos
285 746 364 791 octor
376 745 429 791 estis
439 756 522 804 copas
539 743 640 800 cbrisii,
665 741 726 789 tuali
751 741 888 790 relectione
909 744 1114 804 pinguescerenta
1140 749 1193 808 iuss

111 811 248 860 sinemuro
257 827 288 861 scs
295 811 412 860 membres
421 812 471 859 lloc
479 811 546 859 enim
554 824 642 872 oornns
664 809 748 857 autem
758 811 788 859 de
799 812 927 871 peccatore
943 824 1059 862 converso
1069 815 1110 864 lac
1119 817 1192 878 spiri·

112 879 210 928 Domini
221 883 247 929 et
256 893 308 929 ossa
317 881 348 929 de
356 880 450 929 ossibus
457 880 591 941 ejuscroitl
602 893 641 928 oo·
665 879 732 926 tuale
745 881 874 940 mulgeret.

112 950 241 999 herebunt
253 965 259 998 :
270 954 347 1013 caput
358 955 436 999 uatem
446 952 554 999 anesin
562 951 640 999 Giris-
694 947 733 995 29·
746 949 856 997 Sedcum
865 951 891 997 in
899 952 948 999 alio
956 951 1082 1012 Evangelii
1090 953 1192 1005 librods

112 1023 158 1068 tsr.
169 1021 236 1068 Tunc
247 1032 305 1081 ergo
312 1019 418 1068 cessabit
429 1019 568 1077 jejunium
579 1031 641 1078 quo-
664 1018 747 1063 monto
763 1018 796 1064 sit
810 1018 917 1078 dictum,
932 1020 1002 1078 cuius
1015 1022 1112 1085 species
1128 1022 1192 1073 nuos

112 1089 180 1136 uiam
189 1090 217 1138 ln
227 1090 347 1150 perpetua
356 1088 510 1148 iucunditate
520 1088 639 1149 fatigatio,
663 1084 817 1144 gignentium
826 1087 924 1148 vitium,
932 1089 1093 1150 olearumque
1098 1091 1191 1154 ieiuna,

112 1159 310 1219 cura,lrssitudo
323 1157 436 1206 cessabit.
445 1157 513 1205 Tunc
525 1168 589 1204 mors
599 1156 640 1203 de·
665 1152 803 1202 inloecunda
812 1157 944 1217 messibus,
955 1158 1010 1218 apta
1019 1155 1133 1207 latibulis
1140 1156 1192 1211 bes·¹

56 1256 59 1261 >
113 1229 240 1278 sudetur:
251 1230 381 1277 liooissimo
390 1229 453 1274 enim
463 1238 526 1274 mors
539 1229 641 1274 denras-
664 1221 768 1281 tiorum,
779 1223 935 1285 terarumque
946 1227 1057 1275 cursibus
1067 1227 1191 1291 inquieta,

114 1294 436 1346 consummerentur
448 1295 544 1352 Enoch,
556 1296 642 1342 elnon
665 1291 825 1339 extollentem
846 1305 873 1341 se
894 1293 1054 1344 altitudinem
1074 1297 1191 1359 usqum

114 1365 265 1416 estinveuta
278 1365 491 1424 ineo;destrncta
499 1365 641 1412 tamennon
664 1359 800 1418 spiritualis
820 1360 933 1410 videatur
953 1363 1110 1424 exprimere,
1131 1365 1193 1414 deut

114 1434 154 1485 est
164 1447 171 1482 c
184 1437 227 1484 ills
242 1435 308 1482 enim
319 1434 405 1494 raptus
422 1435 474 1491 est,
488 1435 516 1482 ut
526 1433 642 1481 evaderet
665 1430 829 1490 scriptumest
840 1445 848 1477 ε
858 1434 917 1480 Ecce
925 1446 967 1493 eoo
976 1434 1008 1480 od
1019 1436 1054 1493 te,
1064 1448 1133 1484 mons
1142 1450 1192 1484 oor·

114 1501 642 1562 eam:christusutdcstrueret‚immolatus
665 1502 745 1559 rapte,
768 1503 809 1560 oni
828 1504 959 1562 corrumpis
977 1515 1071 1551 omnem
1090 1507 1192 1566 terrorsg

114 1577 162 1625 est
175 1575 206 1621 lit
215 1570 271 1622 ideo
282 1573 346 1620 bene
356 1571 441 1620 dixits
454 1568 498 1620 uir
512 1574 558 1629 ssi,
569 1586 642 1630 soors,
666 1567 776 1627 congruit
789 1569 817 1616 ut
827 1569 873 1616 boo
887 1582 984 1630 quoque
999 1570 1053 1618 loco
1063 1569 1193 1632 opinemur

114 1647 215 1695 victorio
223 1647 265 1692 tuo
273 1642 283 1689 i
291 1641 382 1698 libiest,
390 1653 463 1699 mors,
474 1641 567 1689 ombus
575 1641 643 1690 inus?
666 1634 691 1681 id
703 1635 809 1696 dictum,
826 1639 940 1697 quoniam
951 1639 1012 1686 tides
1023 1640 1139 1701 spiritum
1149 1654 1193 1690 ea·

116 1715 177 1774 Erro
186 1714 214 1761 iu
222 1711 268 1759 bac
277 1708 553 1759 resurrectioneiterum
563 1709 644 1758 chris·
666 1704 744 1754 cludit
754 1707 923 1766 immundum,
940 1709 1112 1758 maximorum
1123 1711 1193 1759 arbo-

115 1783 156 1831 tns
168 1783 293 1842 tamquam
307 1791 351 1828 suo
368 1778 479 1838 resurget
495 1778 642 1839 incorpore.
667 1774 794 1822 risnatura
803 1776 860 1823 huic
871 1777 1193 1837 concurratoninioui.liam

115 1852 206 1902 matus
224 1851 307 1912 ltaque
322 1848 366 1909 qui
386 1846 501 1894 habuerit
511 1851 605 1908 partem
617 1848 643 1897 in
667 1841 759 1891 tructus
767 1845 823 1902 eius
829 1845 909 1904 primo
917 1846 984 1893 albet
991 1847 1018 1893 in
1026 1846 1095 1908 tiore,
1105 1848 1193 1898 deindo

115 1921 194 1983 prima
205 1918 398 1976 resurrectione3
409 1916 473 1964 sicut
483 1917 549 1964 enlm
558 1915 644 1977 primi·
664 1912 716 1970 jam
731 1913 848 1961 lormatus
863 1915 983 1975 irrutilat,
998 1917 1142 1966 maturitate
1156 1919 1193 1967 ui-

116 1991 159 2041 tiae
169 1988 343 2047 dormientium
351 1986 518 2045 Christus‚slc
527 1987 644 2047 tuncpri-
667 1982 765 2039 urescit.
790 1982 908 2031 Diabolus
927 1997 1024 2044 quoque
1048 1998 1081 2033 ex
1102 1987 1193 2036 uberti

116 2059 194 2109 mitiss
207 2054 390 2118 resurgentium
404 2053 513 2102 Ecclesia
523 2054 549 2102 et
565 2055 644 2102 saneti
667 2052 783 2110 angelicas
791 2051 850 2098 tiore
861 2053 955 2100 naturae
966 2054 991 2100 et
1000 2054 1122 2114 potestate
1134 2058 1193 2105 rnil-

115 2129 179 2189 slus.
668 2119 743 2178 lauti,
765 2120 964 2179 praevaricatione
983 2122 1109 2183 dejectus,
1131 2125 1194 2176 tetro

147 2198 186 2246 27.
201 2198 253 2244 lioo
268 2192 411 2256 mysterium
421 2194 508 2240 Petrus
523 2192 586 2241 scire
595 2200 644 2239 uon
669 2189 790 2234 inhorruit
804 2188 877 2235 odore
888 2190 992 2250 peccati.
1009 2192 1045 2239 lin
1061 2192 1107 2240 tibi
1125 2194 1193 2243 illum

117 2266 205 2327 potuit.
224 2264 333 2312 Fortasse
343 2261 427 2311 scierit
438 2262 468 2308 de
479 2260 560 2307 Enoch
571 2261 645 2323 etquis
668 2255 750 2301 arbori
767 2267 834 2302 moro
850 2257 973 2305 (licentem
989 2273 996 2304 r
1011 2262 1156 2322 brodicors,
1172 2265 1193 2311 st

117 2337 201 2384 umen
218 2333 300 2393 poluit
314 2329 459 2392 mysterium
475 2328 644 2377 absconditum
664 2326 757 2385 joctors
772 2326 797 2372 in
812 2340 891 2384 mose,
911 2341 968 2375 cum
983 2329 1107 2389 legionem
1122 2332 1195 2392 ejecit

117 2406 144 2452 in
152 2405 203 2452 lieo
211 2403 317 2450 humana
328 2401 411 2448 mente
422 2398 645 2459 comprehendere?
669 2407 701 2442 ex
712 2394 825 2453 bomine,
841 2395 865 2441 ln
882 2409 968 2456 porcos
978 2399 1083 2448 transire
1093 2402 1195 2460 permit-

116 2474 206 2523 Veniat
213 2484 270 2533 ergo
276 2470 395 2518 Dominus
403 2468 429 2515 iu
437 2468 544 2516 animam
552 2480 644 2526 meam,
670 2464 700 2513 tit
714 2465 773 2525 :qui
791 2466 909 2525 exagitati
920 2466 1040 2517 diabolico
1055 2464 1159 2532 spiritu,
1168 2484 1194 2522 se

118 2543 261 2591 tumentem
272 2551 368 2598 meam,
379 2539 453 2599 atquo
464 2550 519 2585 eam
529 2537 645 2598 subjiciat
669 2534 695 2581 in
704 2534 780 2582 maria
796 2534 973 2592 demerserunt

117 2608 405 2670 sibl3otcumsub1octa
417 2605 568 2653 mensluorit
576 2618 645 2664 mea,
698 2604 737 2651 50.
749 2604 794 2651 llic
806 2604 881 2665 igitur
893 2605 960 2653 locus
970 2606 1119 2658 hortatorius
1128 2609 1159 2658 ad
1167 2609 1194 2658 o·

117 2681 197 2729 dicam
208 2693 215 2726 a
226 2680 282 2727 lion
297 2675 382 2725 tiosebo
395 2675 476 2733 moto,
493 2676 605 2735 quonism
620 2678 645 2722 ta
669 2671 742 2731 dem,
760 2672 850 2720 docens
867 2674 993 2721 moraliter
1003 2677 1077 2724 etiam
1093 2690 1123 2726 ea
1141 2693 1194 2740 quas

116 2764 207 2800 mm
216 2762 250 2797 ρ..
668 2741 769 2788 solidata
778 2743 843 2800 sunt,
852 2741 899 2790 fide
907 2743 1095 2802 possedissolvi.
1104 2749 1194 2797 bxtlde

118 2832 194 2873 w,
202 2830 320 2870 fflwffi,
328 2828 392 2875 fldem
400 2829 555 2879 ,mmm
563 2829 645 2880 ⁸¹¹¹er
668 2811 752 2856 autem
763 2811 865 2870 caritas,
876 2823 909 2858 ex
916 2812 1017 2860 caritate
1027 2825 1096 2874 spes,
1107 2818 1133 2863 et
1142 2829 1195 2864 rur·

139 2887 213 2926 utero
226 2885 278 2922 nuic
294 2884 368 2922 arbori
382 2893 445 2922 moro
461 2895 466 2922 ι
482 2884 607 2932 unum,
623 2889 644 2924 er
669 2879 745 2926 susin
756 2890 782 2927 se
793 2881 876 2929 sancto
886 2880 990 2941 quodam
999 2882 1107 2932 circuitu
1115 2885 1195 2934 retun-

138 2941 218 2990 harre
227 2941 250 2976 in
258 2941 358 2983 mars,sl
366 2936 465 2976 obaudiet
476 2938 541 2977 robis.
669 2946 769 2995 duntur,

147 3011 591 3074 28.Dorranoslnapissupradictum
599 3016 644 3077 est,
698 3015 737 3062 ol.
758 3015 874 3076 Sequitur
894 3016 923 3064 ut
942 3030 1014 3066 nemo
1035 3019 1061 3066 in
1082 3021 1196 3081 operibus

117 3095 184 3134 nuuc
198 3083 229 3130 de
240 3081 326 3128 arbore
337 3080 398 3128 mori
412 3082 449 3129 est
459 3081 643 3144 disputandum.
668 3084 786 3144 glorietur
798 3083 834 3147 (r.
847 3085 889 3146 ⁷),
904 3087 963 3147 qnia
970 3088 1027 3146 jure
1038 3090 1142 3138 llomlno
1153 3092 1195 3140 de-

117 3153 234 3202 arboren
261 3150 330 3210 lego,
355 3161 404 3197 non
425 3149 511 3198 umen
534 3152 644 3200 arborem
669 3154 755 3200 bemus
766 3154 917 3214 obsequium.
929 3156 989 3201 Nam
1000 3157 1019 3203 si
1031 3158 1059 3204 tu
1075 3171 1124 3205 non
1135 3160 1197 3210 dicis

91 3272 98 3281 ,
117 3221 200 3272 credo.
216 3220 276 3267 liam
294 3232 349 3280 qum
364 3217 441 3278 ratio,
459 3220 503 3280 qui
521 3219 645 3280 protectus
669 3233 739 3270 servo
749 3223 838 3281 aranti,
847 3223 889 3270 aut
899 3237 957 3270 oves
965 3227 1073 3284 pascenti
1083 3240 1090 3272 ε
1102 3230 1196 3288 Μή,

118 3290 160 3338 bic
173 3290 269 3347 noster,
285 3290 313 3334 ut
323 3287 395 3334 arbor
407 3299 462 3346 qum
478 3287 645 3339 laborantibus
668 3291 774 3338 rcnrmbe
791 3289 800 3352 (
816 3291 859 3338 nbi
876 3293 1023 3352 intelligitur
1037 3295 1096 3354 qula
1115 3298 1196 3345 nullus

118 3358 232 3419 miselle
245 3356 309 3403 terat
323 3355 432 3413 tructus,
449 3355 604 3416 eradicetur,
620 3362 645 3407 et
669 3360 802 3418 recumbit,
814 3360 926 3408 nisiante
938 3362 1078 3409 transierit:
1088 3362 1196 3425 denique

117 3428 229 3476 mittatur
237 3425 263 3472 in
273 3423 356 3472 marei
365 3424 434 3471 Licet
445 3424 490 3471 boc
501 3437 544 3484 pro
553 3426 644 3477 uirtute
669 3430 695 3476 et
709 3430 803 3488 lioyses
817 3430 873 3476 ante
891 3431 1016 3489 transivit,
1035 3432 1063 3479 ut
1079 3445 1196 3494 maguum

118 3496 176 3544 fidei
186 3492 301 3554 possibile
310 3491 466 3550 iudicemus,
482 3492 510 3541 tlt
521 3495 644 3549 sensibili·
669 3497 748 3543 visum
766 3496 885 3559 rideret)
901 3499 922 3545 si
942 3511 998 3558 ergo
1018 3501 1045 3546 tu
1063 3512 1113 3549 non
1135 3503 1197 3550 dicis

118 3564 165 3611 bus
180 3560 291 3621 imperiis
305 3561 393 3607 natura
407 3559 557 3609 insensibilis
572 3564 644 3613 obse-
668 3578 739 3613 serro
749 3566 792 3613 tuo
804 3579 810 3611 ε
822 3566 935 3614 liccumbc
946 3564 982 3628 (r.
999 3567 1039 3629 8);
1058 3571 1102 3617 sed
1117 3573 1197 3632 exigis

118 3632 207 3694 quatur
216 3643 222 3676 ε
232 3629 292 3689 qnid
300 3629 347 3675 sibl
356 3628 410 3676 vult
418 3629 500 3677 tamen
510 3631 583 3679 etlam
593 3632 645 3693 ipso
669 3633 700 3679 nb
711 3646 740 3681 eo
755 3634 822 3681 aliud
837 3634 1015 3696 ministerium,
1032 3639 1057 3685 et
1068 3641 1158 3700 gratian
1172 3641 1197 3688 ei

118 3700 211 3750 arboris
227 3695 337 3758 speciest
355 3698 413 3758 Legi
428 3699 527 3759 quidem
540 3714 547 3746 ε
560 3703 645 3749 Pastor
670 3715 719 3749 non
727 3705 779 3763 agis
790 3716 797 3749 ε
809 3703 843 3751 ita
851 3716 896 3751 nec
905 3705 931 3751 iu
942 3707 966 3754 te
977 3707 1069 3765 patitur
1078 3709 1197 3757 Dominus

117 3768 541 3830 erosncoprorurn‚orlliconsmoro‚·
553 3771 645 3828 etputo
669 3772 743 3819 unius
763 3784 834 3818 usum
856 3786 909 3820 esse
930 3776 1011 3835 operis
1029 3777 1072 3823 aut
1091 3777 1197 3838 laboris;

119 3838 263 3898 prophetam
276 3835 521 3897 nuntiassemus,
533 3838 598 3897 quod
613 3850 645 3884 ex
669 3842 727 3900 quia
745 3840 803 3888 dum
822 3842 943 3903 vivimus,
962 3843 1081 3893 debemus
1099 3858 1197 3906 semper

119 3909 352 3968 peccatorumrrege
360 3909 473 3971 peccator
482 3908 535 3967 ipse
544 3918 646 3955 conver·
669 3910 775 3969 operari.

120 3987 161 4022 sus
171 3976 203 4023 sit
214 3989 220 4022 =
233 3975 292 4025 licet
301 3977 432 4024 conveniat
441 3976 469 4025 ut
478 3975 577 4023 iuturus
586 3987 647 4034 gen·
699 3976 738 4024 52.
750 3979 810 4038 Erro
820 3991 921 4039 agnosce
932 3992 985 4028 esse
995 3985 1019 4028 to
1030 3994 1129 4029 servum
1139 3985 1197 4042 plu-

120 4024 307 4108 iiiimllwlhtti
317 4046 424 4098 trucium
434 4044 550 4108 quasise
562 4043 646 4095 videa·
669 4046 739 4098 rimis
754 4048 878 4111 obsequiis
894 4049 1081 4101 deloeneratusu.
1100 4053 1153 4101 lion
1170 4052 1197 4110 te
