2632 4784
119 288 165 339 tbi)
512 293 632 340 sinent
649 292 812 341 nuenosll

118 372 173 418 buis
190 372 317 421 malornm.
334 372 387 423 lton
402 373 470 423 enim
486 373 552 423 dixit
563 388 569 421 e
581 374 646 432 Quo·
672 374 749 434 turae,
769 375 812 423 sed
831 375 894 424 donn
913 372 1000 436 und·
1020 370 1203 438 meeum

117 441 183 489 uriam
194 443 285 491 audisti
298 455 383 492 vocene
394 443 524 504 mulieris,
536 444 646 492 reverte·
671 445 772 493 Dissolvi
780 447 857 502 enlm,
873 449 895 494 et
905 460 960 494 crem
970 446 1065 495 Cirtam
1075 447 1203 496 mmm

118 509 151 557 ris
163 509 187 555 in
200 511 304 572 terram3
315 513 368 560 haee
386 511 454 559 enim
468 512 534 560 esset
543 512 647 573 poenelie
671 513 752 562 metior
762 529 770 562 e
779 518 1003 575 peramanter·
1011 517 1120 565 ineam
1128 517 1203 578 uere

117 579 261 640 sententia,
286 580 493 641 quomadmodum
514 582 553 629 est
572 581 616 627 illa
637 593 645 626 ι
671 585 988 644 emmerammum.

117 648 240 696 ltebdieta
251 652 315 696 terra
326 650 406 709 spinas
416 651 437 696 et
448 648 547 698 tribolm
561 650 646 709 permi-
699 646 739 696 te
758 651 806 699 Sed
822 663 873 699 nou
890 653 1005 701 omnibus
1020 653 1201 713 necessarlum,

116 716 183 765 nobit
191 717 246 777 tibi‚·
255 717 299 764 sed
310 717 390 764 dixit:
400 718 646 779 itandmotieponeur
671 716 774 767 Domine
785 720 844 767 lesu
855 732 862 766 ι
873 732 924 768 non
931 719 1011 781 mibi,
1021 721 1065 781 qui
1076 721 1142 770 nulli
1151 722 1202 770 nti·

117 787 184 833 tuum
197 789 220 832 ln
230 787 326 843 sedere,
344 789 414 834 donee
430 789 556 836 revertaris
566 789 591 834 in
601 790 647 834 ter·
671 784 702 834 ns
712 798 846 847 sumnam
856 789 918 836 mibi
929 789 1157 849 luernmestmori,
1168 802 1200 839 ne

117 867 180 902 ram.
193 853 267 900 Vides
282 857 382 901 mortem
400 853 476 915 magis
486 853 578 901 metam
592 866 645 902 esse
670 854 740 914 plura
751 868 862 917 peccem.
876 858 985 906 Lucrum
998 858 1062 906 mibi
1074 859 1200 917 eet'morl,

117 923 254 971 noseorum
266 934 407 983 poenarum,
418 934 467 982 qua
478 934 564 970 cursus
572 921 646 979 hujus
669 924 713 983 qui
722 924 775 984 ipso
785 925 849 973 libro
859 937 910 987 quo
922 926 984 975 alios
992 927 1107 975 consolor
1114 959 1123 986 ,
1130 927 1200 988 quio

118 990 319 1041 vttaeiuciditurl
670 991 856 1041 vehementiore
867 995 990 1043 monitore
1004 994 1038 1043 ed
1047 994 1199 1043 desiderium

147 1060 256 1120 denego
268 1072 332 1108 mors
343 1071 391 1107 uon
402 1060 481 1109 solum
491 1058 645 1108 malumnon
669 1061 751 1108 amissi
771 1060 853 1110 tratris
871 1063 999 1123 impellor3
1018 1063 1138 1124 quornm
1158 1075 1198 1111 me

118 1129 169 1188 eet,
180 1128 223 1176 sed
234 1128 308 1175 etiam
319 1128 410 1175 bonum
422 1129 467 1174 est.
480 1127 590 1187 benique
600 1139 645 1187 pro
670 1127 723 1186 ejus
739 1140 789 1176 non
808 1129 867 1178 eluit
886 1130 1011 1179 oblivisci.
1031 1131 1103 1179 Nunc
1121 1129 1199 1192 magis

117 1199 181 1253 bono
202 1196 339 1257 queritur,
360 1196 424 1244 dent
444 1195 563 1255 seriptum
590 1197 643 1243 ests
669 1208 739 1257 amo,
758 1197 784 1245 et
800 1198 976 1247 vehementius
991 1198 1117 1248 desidero.
1128 1199 1199 1247 nerr-

118 1269 227 1330 Qramrt
244 1267 347 1313 lromr‘nee
361 1267 473 1322 mortem,
487 1267 510 1312 et
525 1278 573 1311 non
584 1267 646 1312 tree-
669 1266 791 1315 demeum
800 1268 901 1330 loquer,
910 1267 1023 1316 desidero
1032 1280 1091 1316 cum
1100 1268 1196 1328 relego3

118 1340 182 1387 stent
188 1351 250 1385 eam.
259 1337 373 1394 Quaerant
381 1334 447 1381 enim
456 1334 492 1381 illl
500 1333 544 1394 gni
552 1333 644 1382 dicturi
669 1335 695 1382 et
705 1334 760 1384 ideo
768 1336 814 1385 boc
822 1337 904 1398 ponus
910 1335 1070 1385 cumaeum
1078 1336 1197 1397 arbitror,

118 1410 175 1459 sunt
182 1409 306 1457 montibus
317 1422 324 1454 ι
336 1409 416 1456 cadite
425 1421 556 1468 ruperam
565 1410 588 1456 et
597 1409 645 1457 eol·
668 1415 701 1452 ne
712 1406 808 1464 quaudo
818 1406 849 1453 eb
866 1405 920 1465 elue
935 1405 1107 1454 recordatione
1117 1404 1197 1453 direl-

118 1480 177 1527 tiboe
188 1495 197 1527 .·
208 1480 297 1538 operite
308 1490 359 1524 nes.
369 1476 468 1534 Quaeret
477 1475 553 1523 etiem
562 1476 644 1524 enims
669 1472 713 1520 lar.
724 1474 795 1532 Quod
810 1486 859 1522 non
872 1474 956 1522 eontra
966 1474 1106 1535 seriptum
1118 1473 1195 1536 tecto,

118 1548 160 1595 illa
169 1579 177 1606 ,
187 1559 241 1607 quae
252 1546 345 1605 peccet.
356 1543 451 1602 Quaerit
464 1543 535 1591 dlres
548 1545 592 1592 ille
601 1557 645 1605 po·
668 1540 712 1589 sed
719 1555 774 1590 cum
783 1543 914 1603 scripturis
921 1542 1014 1601 sentim
1023 1543 1052 1590 ut
1059 1542 1195 1602 patientius

117 1618 180 1665 situs
190 1617 216 1663 in
229 1613 337 1672 interno,
353 1613 395 1673 qui
411 1613 466 1660 vult
475 1612 643 1673 digitolazarl
668 1610 776 1673 doleam,
787 1612 957 1672 impatientius
972 1612 1122 1660 desiderem.

117 1683 257 1745 refrigerari
268 1684 460 1742 linguamsnam.
696 1678 738 1727 tide
747 1680 882 1730 eraserunt
896 1680 971 1741 mibi,
981 1679 1073 1741 trater,
1085 1692 1118 1729 ne
1129 1693 1193 1729 mer·

148 1752 187 1802 it).
208 1753 325 1800 Videmus
346 1751 428 1811 itaque
446 1751 512 1812 quod
531 1752 558 1800 et
578 1763 643 1798 mors
668 1750 718 1798 tem
728 1751 854 1810 timerem,
872 1752 947 1812 etque
963 1751 1060 1798 utinam
1075 1750 1194 1799 moriatur

118 1822 170 1870 inec
179 1822 274 1870 lucrum
282 1821 332 1877 est,
343 1820 369 1865 et
377 1819 427 1866 rita
436 1829 508 1877 prena
517 1819 563 1866 est.
573 1818 642 1867 Unde
667 1819 748 1866 anima
756 1832 810 1866 moa
818 1820 844 1866 in
854 1819 936 1867 anima
946 1818 1004 1878 tua;
1015 1819 1062 1866 boc
1069 1816 1140 1866 enlm
1146 1818 1193 1867 sibi

118 1893 144 1940 et
154 1891 243 1940 Paulus
252 1890 288 1937 ait
298 1904 305 1936 s
316 1888 375 1936 tillet
390 1890 464 1935 virere
479 1886 584 1936 cler-istm
594 1891 641 1944 eet,
667 1884 1195 1945 Balaamprcmeximobenooptnt,donatur

117 1964 140 2010 et
149 1964 211 2009 meri
224 1962 323 2008 ineram.
337 1956 400 2015 Quid
411 1955 448 2004 est
458 1955 583 2014 Christus,
594 1957 641 2004 uisi
666 1954 770 2015 Spiritus
777 1955 938 2016 prophetandi
947 1954 1194 2014 :Morimentnquim

117 2042 182 2080 mors
197 2028 321 2089 eorporis,
340 2026 441 2086 spiritus
452 2023 525 2072 vitari
542 2027 570 2071 Et
586 2024 642 2072 ideo
666 2024 747 2071 anima
757 2022 1195 2082 meoincuimiep'rrrtorummtfiotee

118 2100 414 2155 commoriamurcumeo,
425 2096 453 2143 nt
464 2093 577 2142 vivamus
585 2107 642 2142 cum
666 2104 719 2138 nien
729 2106 806 2139 mmm
820 2094 878 2140 cieret
888 2104 965 2139 serres
974 2093 1083 2140 ictorum.
1094 2091 1124 2136 et
1132 2102 1192 2137 rere

117 2182 158 2217 oo.
168 2168 205 2217 Sit
215 2167 314 2227 quidam
324 2163 480 2225 quotidianus
491 2175 549 2210 usus
559 2163 585 2209 in
597 2175 642 2210 no-
665 2161 711 2208 boc
726 2161 862 2208 seeundum
880 2159 1036 2221 prophetiam
1055 2159 1138 2220 optat3
1149 2160 1192 2220 qui

117 2237 170 2295 bis,
179 2232 467 2293 edoctusquemoriendi3
477 2230 624 2291 utperillam
633 2234 646 2290 ,“
666 2229 731 2276 enim
742 2230 836 2277 viderat
846 2229 928 2277 ortmn
941 2228 1046 2288 Christi,
1056 2227 1121 2278 sidit
1137 2227 1193 2285 eins

117 2318 191 2365 qnam
201 2304 324 2360 diximus,
333 2301 546 2360 segregationem
555 2312 640 2359 corpo-
665 2299 825 2358 triumphale,
841 2299 904 2347 vidit
913 2299 1032 2356 mortem,
1042 2296 1109 2346 vidit
1123 2297 1150 2343 iu
1162 2307 1190 2343 eo

117 2374 166 2422 reis
176 2370 352 2433 cupiditatibus
363 2370 444 2417 anima
458 2369 540 2415 nostra
553 2380 579 2416 se
591 2368 641 2416 dis-
665 2366 1157 2426 perennembominurnresnrrectionem3
1167 2366 1192 2413 et

117 2444 157 2491 cut
172 2443 316 2500 extrahere,
332 2439 358 2487 et
369 2441 491 2497 tamquam
502 2436 528 2483 in
540 2437 640 2485 sublimi
667 2436 721 2483 ideo
728 2438 789 2484 niori
796 2449 844 2484 uon
854 2437 926 2485 timet
935 2438 1129 2484 resurrecturus.
1137 2435 1190 2481 dou

115 2513 208 2572 iocata,
219 2524 267 2573 quo
278 2512 381 2558 terrenae
396 2507 463 2555 adire
475 2506 603 2565 libidines,
616 2509 640 2554 et
665 2506 781 2553 irroriatur
791 2518 848 2566 erge
862 2506 943 2553 enlma
959 2517 1014 2553 mea
1027 2504 1055 2551 iu
1075 2504 1189 2564 peccato,

117 2594 171 2631 cem
187 2582 233 2630 sibi
245 2580 367 2641 glutinare-
381 2577 547 2636 nonpossint,
563 2577 640 2623 susci·
665 2586 744 2633 neque
753 2574 878 2633 peecatum
886 2574 913 2620 in
924 2572 1076 2632 sereeipist:
1085 2571 1130 2619 sed
1139 2583 1190 2619 mo-

116 2653 168 2713 piat
179 2651 262 2698 mortis
273 2647 419 2706 imaginem,
429 2657 460 2691 ne
469 2657 565 2703 pennam
575 2657 639 2692 mor·
664 2643 741 2689 riatur
755 2643 782 2689 iu
797 2643 878 2689 anima
891 2642 951 2700 justi
961 2677 968 2702 ,
978 2642 1006 2689 ut
1022 2641 1076 2699 eius
1086 2640 1190 2701 recipiat

116 2719 273 2769 tisincurrat.
290 2713 495 2774 Repugnatenim
507 2713 548 2759 len
560 2715 639 2759 caruis
664 2712 812 2770 aequitatem.
833 2713 945 2773 Denique
969 2711 1013 2773 qul
1037 2710 1143 2757 moritur
1163 2710 1189 2757 iu

116 2787 273 2848 tegimentis,
283 2785 369 2831 eteam
381 2781 523 2838 tegimentis
533 2779 638 2839 addicit,
663 2780 769 2839 Christo,
781 2780 871 2839 neojur
881 2781 966 2841 gratier
977 2779 1101 2840 particeps
1116 2779 1188 2826 inle-

116 2848 555 2912 sicutApostolusrerelarit‚diecns:
567 2850 639 2896 l'e'deo
663 2860 743 2897 sucro.

115 2926 177 2972 enim
187 2925 258 2981 tegern
268 2920 345 2966 carreis
355 2929 412 2962 meoe
421 2919 587 2975 repugnantem
595 2918 638 2978 lepi
692 2917 731 2965 itt.
746 2921 797 2969 Non
812 2933 869 2981 ergo
884 2919 1043 2968 formidabilis
1052 2932 1131 2980 ruore,
1142 2929 1189 2966 noc

115 2993 197 3040 inertie
211 3001 282 3044 mem,
298 2989 319 3033 ct
334 2986 485 3044 captivantem
503 2998 539 3030 erc
552 2987 576 3032 r'n
592 2989 638 3047 lege
663 2999 742 3034 anrarn
751 2991 943 3050 egentibus,nec
952 2991 1048 3050 grauior
1055 2989 1188 3045 divitibus,

113 3055 638 3123 peccati.Omnesimpuguamur,omuessen-
663 3069 707 3104 noc
719 3057 807 3116 injusta
817 3059 967 3116 senioribus,
978 3071 1023 3105 nec
1040 3059 1128 3116 ignava
1140 3057 1188 3103 tor·

114 3130 206 3177 timus:
224 3126 267 3175 sed
283 3136 331 3172 non
352 3134 436 3170 omnes
452 3122 593 3172 liberamur.
609 3128 637 3174 Et
663 3126 742 3183 tibus,
752 3139 799 3174 nee
815 3129 932 3187 perpetua
944 3127 1072 3184 fidelibus,
1082 3137 1130 3172 nec
1141 3126 1188 3171 iru-

114 3199 170 3246 ideo
182 3195 271 3245 infelix
283 3205 327 3254 ego
342 3191 429 3250 bomo,
444 3191 491 3239 uisi
501 3194 636 3243 remedium
662 3195 758 3252 provisa
773 3196 932 3256 sapientibus.
944 3196 1021 3253 Quam
1037 3194 1109 3241 multi
1121 3193 1188 3241 euim

113 3281 228 3332 quarem.
662 3263 737 3311 vitam
753 3266 803 3312 solo
814 3266 898 3313 mortis
913 3265 987 3312 titulo
998 3263 1188 3317 consecrarunt,

142 3335 182 3386 tl.
195 3337 243 3385 Sed
252 3335 316 3398 quod
328 3333 481 3384 remedium?
492 3336 548 3395 Quis
559 3348 594 3381 me
609 3335 637 3381 lt·
661 3333 763 3390 quantos
774 3333 859 3379 virere
878 3333 980 3392 puduit,
999 3332 1063 3377 mori
1082 3328 1189 3391 proluit?

114 3407 202 3456 beabit
215 3410 241 3454 de
259 3420 353 3466 corpore
367 3407 448 3451 inertis
458 3404 542 3462 liujus?
554 3405 637 3452 Gratis
661 3401 1190 3461 llorteuuiusplerunnpueaccepimusmaxi·

114 3478 158 3525 Dei
172 3490 214 3536 per
231 3478 310 3522 testem
320 3474 438 3521 titurictam
448 3475 573 3520 Durnirmrn
585 3487 637 3521 noe·
662 3485 712 3519 mos
720 3472 823 3531 populus
832 3471 960 3519 liberatos:
971 3471 1049 3517 morte
1058 3469 1189 3529 imperato-

113 3549 185 3593 imm.
205 3543 327 3590 llabemus
345 3540 467 3587 medicum
478 3573 486 3599 ,
507 3553 637 3601 sequamur
661 3541 694 3589 ris
705 3540 799 3600 iugatae
809 3539 935 3587 exercitus
946 3538 1068 3597 bostium,
1078 3550 1140 3599 quos
1150 3538 1190 3585 si·

113 3611 259 3660 remedium.
271 3608 417 3656 llemediurn
428 3607 537 3655 nostrum
547 3608 636 3656 Christi
661 3623 706 3658 rus
714 3610 813 3656 sincere
824 3609 984 3668 nequivisset.

113 3680 189 3742 gretia
200 3680 250 3741 est,
266 3680 292 3727 et
306 3690 393 3738 corpus
407 3678 492 3725 mortis
503 3690 589 3736 corpus
600 3678 637 3725 est
690 3678 730 3726 t5.
741 3678 816 3725 ltorte
828 3678 962 3737 martyrum
972 3677 1060 3737 religio
1072 3676 1188 3734 detensa,

112 3751 296 3808 nostrumdrgo
304 3747 489 3809 peregrinemur
498 3758 512 3792 a
522 3758 636 3807 corpore,
661 3747 784 3796 cumulata
795 3745 869 3804 tides,
881 3745 989 3793 Ecclesia
1001 3745 1114 3792 roborata
1129 3746 1166 3793 est
1180 3759 1188 3794 ι

113 3816 479 3880 neperegrinemuracbristo:
492 3813 637 3862 etsiiucor·
660 3816 774 3864 vicerunt
801 3813 909 3873 mortui,
935 3813 996 3860 rien
1016 3813 1190 3872 persecutores

111 3901 171 3950 pore
181 3901 277 3946 sumus,
294 3889 376 3934 tamen
387 3898 441 3945 qum
458 3883 516 3930 sunt
530 3883 636 3942 corporis
661 3887 725 3933 sunt.
738 3885 822 3943 ltaque
838 3894 942 3942 quorum
954 3881 1030 3929 vitum
1047 3881 1172 3931 nescimus
1181 3913 1192 3944 ,-

112 3968 161 4005 nou
172 3953 517 4018 respuemus,rrecileseramus
526 3951 581 4009 jura
592 3964 635 3999 na·
661 3954 746 4000 luorum
769 3950 872 3998 mortem
892 3949 1055 3997 celebramus.
1074 3947 1146 3998 Unde
1165 3950 1194 3999 et
