2632 4784
131 391 176 439 468
511 397 637 444 siricii
655 397 829 442 amenesii

131 474 184 522 inme
202 475 263 523 iacta
274 479 337 525 suut.
355 477 397 524 vis
407 477 469 526 scire
484 490 556 538 quam
570 475 657 525 brevit
682 478 757 525 animi
776 480 856 540 legem
877 479 917 525 lex
927 479 1011 528 carnis
1029 480 1173 541 impugnet,
1191 482 1216 529 et

131 544 214 600 Dabit,
233 548 254 593 ei
265 545 329 602 {oete
338 549 401 594 suni.
418 546 443 592 Si
454 546 520 594 dicto
536 546 658 594 elementa
681 559 751 595 mens
760 550 906 609 pierumque
915 547 981 609 qnod
996 548 1050 597 odii
1064 550 1114 598 boc
1129 550 1214 611 iaciat,

131 616 280 673 cousurpunt
287 646 294 672 ,
302 613 416 663 curdieto
424 613 515 662 morini
523 626 571 661 non
578 626 658 662 resur·
681 616 777 676 quanm
786 617 925 664 inhabitans
937 616 963 664 in
974 617 1077 666 bomine
1088 620 1214 680 peanum

130 679 202 738 pant?
211 681 258 739 Qui
270 682 328 730 iicet
339 684 428 730 mortui
439 683 502 742 unt,
518 684 600 731 umen
611 682 657 730 aii·
682 686 762 733 carnis
772 685 903 744 operatum
914 684 1012 733 animus
1022 686 1144 736 subdatur
1151 688 1213 747 inju-

130 749 227 809 quundo
238 750 369 811 vixerunt,
388 752 529 800 habuerunt
542 749 656 812 spiritum
681 749 725 798 riae
736 751 754 812 ⁸,
769 753 857 801 alieuae
873 766 931 801 reus
946 754 1040 815 cuipae3
1058 768 1116 803 caro
1130 757 1212 816 quiete

130 817 269 880 sentiendi,
296 820 438 869 babuerunt
461 821 529 869 vires
554 819 655 881 agendi3
682 818 789 875 potiatur
798 820 883 868 auctor
892 823 1067 869 aerumnaeaet
1077 822 1214 872 eolusadte-

129 887 312 948 plurimumque
330 889 407 937 refert
421 902 499 951 capax
519 890 594 938 animi
607 902 656 937 non
681 887 757 948 ratur,
768 887 812 948 qni
827 900 877 937 nen
893 889 959 937 solus
967 890 1061 938 erravit
1072 903 1080 936 a
1092 892 1135 939 ant
1150 892 1212 940 solus

129 954 220 1016 inisse,
237 959 263 1005 et
273 958 414 1006 exanimum
429 959 584 1007 remansisse.
600 959 658 1006 illa-
681 953 782 1011 pieriam
800 954 904 1015 reierai,
921 955 964 1017 qui
979 967 1029 1004 non
1047 956 1116 1005 solus
1130 958 1212 1019 vatia

131 1024 201 1072 bolus
211 1025 291 1074 dixit:
303 1029 347 1076 ilic
361 1029 432 1088 lapidi
441 1028 509 1085 trutc,
525 1030 552 1075 ui
560 1029 602 1086 fiat
612 1042 657 1088 po·
681 1021 806 1071 militavit·

129 1095 176 1148 uis.
187 1093 328 1155 Confitetur,
346 1096 448 1153 jubente
463 1096 528 1156 Deo,
546 1097 656 1143 converti
711 1090 749 1138 89.
770 1092 857 1150 i‘iena,
874 1092 900 1140 ni
916 1091 1002 1152 iaiior,
1014 1093 1040 1141 ei
1054 1093 1123 1153 iusta
1133 1095 1210 1143 ratior

128 1171 200 1219 posse
214 1161 342 1221 naturam3
354 1163 382 1210 tu
391 1174 440 1210 non
451 1162 544 1222 credis,
553 1162 656 1220 jubente
681 1158 723 1204 sed
734 1170 778 1217 eqo
789 1159 909 1207 rationem
927 1172 941 1208 a
955 1160 1053 1209 cbristo
1068 1175 1118 1210 non
1133 1165 1210 1224 exigo.

129 1227 194 1288 Deo,
205 1229 332 1277 reiormari
345 1242 414 1291 posse
425 1229 555 1278 naturam!
680 1226 705 1273 Si
716 1228 810 1275 ratione
821 1228 961 1290 convincor,
971 1229 1048 1277 iidem
1059 1230 1150 1279 abnuo.
1159 1231 1210 1279 Cre-

159 1296 198 1344 86.
218 1299 254 1345 ile
272 1298 329 1346 solis
347 1312 420 1346 cursu
438 1298 542 1358 coeiique
561 1299 655 1347 rabone
681 1293 746 1342 didit
759 1294 880 1343 Abraham
895 1298 963 1356 ileo,
975 1297 1003 1345 et
1010 1308 1059 1344 uos
1069 1298 1208 1357 credamus;

128 1365 269 1426 philosophi
283 1366 421 1427 disputant,
440 1368 466 1414 et
484 1367 542 1414 sunt
556 1367 599 1427 qui
610 1380 655 1425 pu·
680 1364 707 1410 ut
715 1363 757 1423 qui
767 1377 850 1412 sumus
858 1363 970 1424 generis,
982 1366 1059 1414 etiam
1068 1367 1127 1415 tirtel
1138 1367 1209 1415 simus

127 1434 181 1480 talu
201 1434 240 1480 bis
259 1446 311 1482 esse
332 1435 495 1493 credendum3
519 1447 574 1482 cum
595 1435 657 1496 quiri
680 1430 799 1479 haeredes.
819 1432 931 1481 credidit
950 1434 1095 1494 ei·l)aviei,
1113 1437 1209 1496 propter

127 1501 273 1560 loquantur,
291 1502 412 1561 ignorent.
428 1503 513 1562 iisque
530 1504 595 1550 enim
608 1516 656 1550 cce·
679 1500 744 1558 quod
754 1501 780 1548 et
789 1501 904 1562 loquutus
914 1503 952 1551 esi
963 1515 970 1550 a
982 1503 1008 1550 et
1015 1515 1061 1552 nos
1068 1505 1207 1567 credamus,

126 1571 179 1619 ium
186 1571 373 1631 adscenderunt,
383 1573 656 1631 axemdimensi,mun·
680 1569 708 1613 ut
718 1569 836 1627 possimus
851 1570 935 1630 loqui,
955 1571 1065 1620 seientes
1080 1575 1206 1635 quoniam,

127 1638 187 1686 dum
195 1640 271 1686 oculis
278 1640 423 1699 perscrutati
431 1640 502 1697 sunt3
511 1639 656 1699 quianullus
679 1635 720 1692 ‘lui'
729 1638 846 1685 sucitavit
856 1639 983 1686 Dominum
991 1642 1072 1688 iesum
1081 1640 1206 1699 Christum,

127 1720 213 1757 eorum
225 1721 280 1756 curn
291 1711 342 1757 Deo
357 1709 384 1755 in
393 1708 514 1768 principio
526 1707 588 1769 init,
599 1710 656 1756 nui·
679 1707 700 1751 ri
708 1709 871 1755 noacumiesu
880 1709 1006 1758 suscitabit.
1016 1711 1069 1759 lies
1080 1710 1149 1759 enim
1157 1724 1207 1772 pro·

125 1778 166 1836 1112
176 1790 261 1825 aarum
278 1778 309 1825 de
323 1778 375 1825 Dea
390 1777 472 1824 dixit:
485 1777 544 1824 cem
557 1783 655 1838 param
678 1771 759 1833 misit,
772 1773 814 1834 qui
831 1787 966 1836 numquam
977 1778 1115 1837 mentitur,
1125 1779 1205 1828 Deus:

125 1847 223 1906 cuturn,
239 1849 350 1907 cumipse
363 1858 443 1903 mom,
458 1848 555 1893 aterum
566 1859 618 1893 eum
627 1861 654 1894 eo
679 1838 725 1887 boc
734 1842 844 1901 promisit
860 1845 951 1892 veritas
962 1845 988 1893 in
1003 1846 1142 1907 Evangelio
1152 1860 1205 1908 suo,

127 1928 278 1977 comportem,
289 1928 329 1976 eqo
339 1928 404 1962 mom
415 1915 453 1961 cui
463 1913 616 1973 aiqoudebai.
628 1914 652 1962 Si
677 1908 762 1958 dicens
775 1913 847 1960 :iioec
857 1915 890 1960 eci
898 1915 976 1960 autem
988 1915 1099 1963 oeiuatns
1111 1916 1160 1975 ejus
1168 1919 1207 1978 qui

126 1995 184 2043 erqo
200 1984 249 2031 iliis
263 1984 385 2041 ereditur,
403 1994 452 2030 non
467 1981 576 2030 creditur
585 1983 652 2043 Deo,
677 1978 740 2024 misit
750 1990 800 2036 ”¹²2
811 1981 837 2027 ¹⁴¹
849 1991 916 2028 vim
926 1982 987 2040 illisi
1000 1982 1064 2029 Μ
1073 1982 1150 2041 ΝΜ,
1160 1996 1205 2031 ¹¹⁰⁸

125 2053 170 2113 qui
185 2053 220 2101 ait
230 2065 237 2098 ε
249 2051 446 2113 Quemadmodum
460 2052 541 2098 coeium
553 2063 653 2111 novum,
678 2045 775 2104 ilerdam
792 2059 823 2094 σε
840 2060 867 2095 eo
885 2062 894 2094 ··
911 2050 951 2096 teti
964 2051 1099 2098 resumam
1113 2052 1170 2099 situel
1181 2054 1204 2099 is

125 2120 222 2169 etierro
232 2134 307 2178 moen,
319 2133 371 2181 quoe
384 2133 424 2180 eqo
438 2121 500 2180 {aaa
509 2132 604 2169 monem
613 2134 652 2168 co-
677 2115 799 2162 noeummo
810 2116 855 2162 die.
873 2116 923 2163 iiec
938 2116 998 2165 satis
1014 2117 1115 2178 putsrlt
1131 2122 1204 2169 semei

125 2202 180 2237 ram
195 2202 247 2248 me,
263 2190 317 2236 dicii
332 2189 463 2248 Dominum
481 2189 513 2235 cic
525 2187 595 2236 ciebit
609 2201 652 2236 ao·
677 2180 784 2242 dixisse,
795 2183 838 2232 sed
848 2184 922 2233 etiam
930 2185 1036 2245 repetita
1047 2188 1203 2247 expressione

124 2270 180 2306 mem
194 2260 310 2316 oeairum,
325 2259 433 2306 ciramea
443 2258 544 2305 oestrum
556 2273 564 2304 .·
576 2261 597 2305 ei
607 2258 652 2305 em'i
676 2248 795 2312 lieneiiit
814 2252 849 2301 sie
867 2254 934 2301 enlm
953 2255 1087 2314 sequiiurr
1103 2259 1159 2304 llere
1173 2260 1205 2306 eat

124 2328 250 2375 Mtte&
265 2338 357 2383 meme,
375 2328 397 2373 Α
410 2324 534 2373 gabbatum
551 2339 582 2372 ex
595 2325 652 2373 gab·
675 2320 737 2366 ellim
746 2322 853 2370 vomuit
862 2324 1013 2381 Pilii'l'tim,
1031 2326 1202 2384 qutmitiime,

125 2393 194 2455 boto‚·
212 2397 234 2443 ei
243 2396 318 2443 emisi
333 2395 408 2442 corais
421 2405 476 2440 coro
492 2394 517 2440 iu
532 2397 652 2454 conspeciu
675 2390 701 2435 ui
715 2393 791 2439 omnic
806 2393 847 2452 qui
862 2393 922 2441 videi
933 2394 1036 2452 liliam,
1054 2396 1078 2442 ei
1093 2397 1165 2443 eredit
1178 2397 1202 2442 ta

123 2477 191 2522 suco,
202 2465 332 2511 stoderani
345 2464 370 2511 ia
379 2462 523 2510 Hierusalem
527 2464 651 2521 ,diciiile
675 2470 736 2515 eum,
745 2458 909 2509 tabcuioitom
917 2465 1040 2520 atomum,
1048 2464 1071 2510 et
1080 2476 1202 2524 opomer-

123 2535 202 2581 miaus
221 2535 284 2580 Deus
305 2547 313 2578 :
333 2534 356 2579 et
373 2531 484 2588 exibunt,
504 2534 526 2579 ei
543 2532 651 2580 videbunt
675 2525 749 2572 citabo
760 2541 812 2575 eum
824 2530 848 2575 ia
859 2532 983 2578 novissimo
994 2532 1039 2578 co.

123 2602 229 2650 membro
240 2601 373 2656 bominum,
384 2602 425 2662 qur·
437 2601 585 2660 proevaricoii
597 2605 650 2648 sum
715 2595 754 2643 ilii.
774 2598 833 2654 Quis
850 2598 896 2644 boc
915 2597 992 2645 (liciti
1010 2599 1103 2661 Utique
1121 2601 1143 2649 is
1160 2600 1199 2662 qui

122 2673 148 2718 2¹„
159 2685 204 2718 me,
215 2673 278 2718 Nam
287 2672 371 2717 verme
382 2682 517 2716 ammaon
528 2672 649 2728 morietur,
675 2666 783 2711 mortuus
798 2667 902 2726 piurima
916 2667 1088 2716 detunctorum
1098 2682 1200 2731 corpora

122 2743 145 2787 ct
155 2742 214 2799 ipsis
226 2753 305 2787 eorum
317 2751 364 2784 nou
377 2741 538 2797 colloquetur,
550 2740 571 2783 ei
582 2744 650 2787 amai
674 2734 809 2781 suscitavit.
826 2735 850 2781 Si
866 2737 917 2784 Deo
937 2750 986 2785 non
1003 2739 1140 2799 credimus,
1156 2751 1199 2786 nee

122 2809 148 2852 in
158 2808 288 2865 adspectum
298 2807 410 2851 universae
426 2807 502 2851 corni.
674 2803 788 2862 exemplo
797 2802 933 2851 credimus!
942 2805 993 2852 Non
1002 2805 1128 2854 credimus
1137 2805 1199 2866 quod

150 2873 190 2920 87.
201 2872 227 2919 Si
241 2874 305 2918 terra
316 2871 447 2918 renovatur
455 2873 481 2918 ei
491 2873 595 2934 coeium,
607 2888 650 2922 cur
673 2870 798 2928 immisti
808 2869 903 2930 ‘iuassdii
915 2873 989 2919 eliam
1006 2874 1073 2933 quod
1083 2887 1132 2921 1¹⁰⁰
1144 2886 1199 2934 liri)-

122 2940 264 2989 dubitemus
284 2939 408 2986 hominem
432 2952 502 2999 posse
522 2944 647 3000 renovari,
674 2937 754 2996 misit,
766 2939 1197 3002 eiieeitinseautemqnameansam

120 3009 304 3070 propterquam
315 3007 379 3054 terra
391 3007 454 3055 iacta
464 3009 586 3057 etcceium
597 3012 649 3060 est?
673 3005 791 3055 moriendi
807 3008 947 3068 habuisset,
963 3010 1011 3057 nisi
1031 3011 1158 3059 habuisset
1175 3010 1198 3058 et

120 3077 147 3125 Si
166 3075 337 3138 prevaricator
353 3079 466 3125 servatur
485 3079 515 3125 ad
536 3091 646 3140 poenam,
672 3086 769 3121 causam
788 3077 946 3137 resurgendi?
967 3079 1067 3126 Etenim
1085 3078 1198 3139 quoniam

120 3155 164 3192 cur
172 3143 252 3202 iustus
262 3154 310 3189 non
321 3143 481 3203 perpetuatur
489 3145 518 3191 ad
529 3145 646 3203 gloriam?
672 3144 737 3190 Deus
748 3144 808 3190 mori
819 3146 986 3205 scuposam,
997 3145 1059 3193 mori
1072 3159 1121 3193 non
1129 3148 1197 3207 pete·

118 3212 144 3261 si
170 3212 263 3260 vannis
282 3223 333 3259 nou
353 3212 456 3260 moritur
476 3215 645 3274 peccatorum,
670 3211 837 3272 ratsapieniia
850 3225 857 3257 ι
868 3225 995 3274 resurgere
1006 3217 1196 3276 autemnonpo·

118 3281 322 3342 quemadmodum
332 3281 645 3341 interibiicarojuetorum?
671 3280 746 3338 terat,
766 3282 830 3340 quori
840 3283 962 3330 mortuum
977 3296 1028 3330 uon
1039 3286 1106 3342 erat;
1125 3283 1196 3331 adsu-

117 3351 175 3398 Haee
191 3350 229 3397 esi
239 3351 305 3397 enim
316 3348 476 3410 resur-rectio,
492 3352 556 3398 sicui
574 3355 643 3401 verbi
669 3349 824 3410 nitorem,
842 3364 895 3412 quae
910 3353 972 3399 mori
989 3354 1084 3413 posset;
1097 3354 1125 3399 nt
1140 3352 1194 3399 dum

117 3418 195 3478 ipsius
206 3430 278 3465 sonus
287 3418 416 3476 exprimii3
429 3418 457 3464 ut
467 3419 532 3478 quod
543 3420 642 3481 cecidit,
668 3417 785 3477 morilut,
808 3419 871 3478 quod
891 3420 966 3479 solet,
987 3421 1054 3481 quod
1074 3420 1194 3469 mortuum

117 3485 164 3532 boc
182 3485 291 3544 resurgat
308 3497 315 3530 z
331 3485 396 3544 quod
413 3488 535 3535 mortuum
554 3488 641 3552 inerit,
667 3485 759 3545 iuerat,
782 3487 828 3534 lnoc
853 3491 1000 3546 resurgeret.
1023 3489 1107 3550 Neque
1129 3489 1193 3536 enim

114 3552 257 3600 reviviscat.
667 3555 1066 3615 potetatessenisiperbominem
1074 3569 1194 3605 resurrec-

145 3621 184 3668 88.
193 3623 221 3668 Et
229 3622 280 3669 baec
288 3623 325 3670 est
334 3623 409 3672 series
417 3624 442 3673 et
450 3638 520 3674 causa
529 3627 641 3688 iustitias,
667 3621 715 3681 iio;
727 3622 841 3682 quoniam
858 3627 916 3672 siau
931 3640 973 3685 per
985 3627 1103 3674 homiuem
1117 3640 1193 3683 mors,

115 3689 268 3749 utquonlam
279 3694 387 3751 corporis
397 3695 520 3753 animique
531 3708 641 3743 eorumn-
665 3693 700 3739 iio
716 3695 738 3739 ci
750 3705 792 3752 per
807 3693 923 3742 icumiacm
937 3698 1075 3744 resurrectio
1090 3698 1193 3743 mortuo·

113 3757 152 3805 uis
161 3759 198 3805 est
209 3759 277 3807 actus
289 3758 297 3819 (
309 3760 367 3819 quia
379 3775 433 3820 quse
444 3762 539 3808 animus
550 3765 640 3821 cogita·
664 3775 727 3809 rum

113 3826 259 3886 s·it‚eorpus
273 3827 640 3890 eiiecii),utrumquein1'ueii·
694 3830 732 3876 iii.
754 3832 815 3892 Ergo
835 3834 969 3882 resurrexit
987 3835 1061 3883 borno
1080 3833 1192 3897 quoniam

113 3896 179 3942 cium
209 3898 305 3955 veniat,
335 3899 466 3957 uirumque
493 3900 535 3946 aut
560 3914 639 3961 poenae
664 3897 735 3944 homo
746 3902 856 3948 ruoriuus
867 3904 921 3949 est:
936 3904 1191 3957 resuscitatusborno,

113 3964 229 4024 dedatur,
249 3968 290 4013 aut
307 3967 390 4025 gloriae
409 3972 557 4047 reservetur.
579 3973 636 4019 Nam
656 3973 1191 4059 Μ

112 4033 537 4096 propemodumabsurciumvioletur,
549 4044 636 4088 uicum
663 4057 733 4101 pliciis.
1011 4037 1017 4057 '
