2632 4784
110 348 158 400 {tii
503 345 631 393 utic'lt
652 344 823 391 ”iniisti

112 433 276 483 ruirahtiisslt
288 431 335 481 ista
349 429 477 492 seminis
490 428 595 489 divisio,
604 438 644 475 re·
668 425 740 486 plunt
762 427 790 474 et
807 425 969 482 niniscrnnt,
988 422 1108 472 auditune
1126 433 1203 479 aurs,

113 497 645 561 uoerenonpueo.rmeoinc1usm
669 491 1202 554 odoeenmm,urspustatun,etoetcn.

112 569 165 620 len
175 569 303 632 sapientie
318 567 475 628 disciplinans
485 566 585 616 ridetur
594 564 646 624 sip·
669 561 698 609 in
708 563 768 611 istos
783 563 894 611 micres
903 561 1020 609 Verbum
1037 558 1119 618 iliud,
1129 559 1154 605 in
1162 569 1203 617 quo

113 638 229 698 nlicere,
246 649 304 699 pars
324 635 463 697 mysticam.
482 635 527 683 lils
544 646 601 696 qnos
617 633 645 681 in
670 628 1204 704 estprinsipstussawdotiireiprophetin,

114 704 646 764 craterusrnittitur,rnoraiisest:hacquoe
669 699 775 749 &aaut
791 699 977 760 mainissui
995 696 1203 760 panesutrin-

114 773 236 825 sdsltue
253 774 400 833 effunditur,
411 774 530 834 mystica3
542 771 646 832 eoquod
669 767 728 817 ticet
739 770 814 830 etque
835 769 932 817 animet
951 766 1141 816 irratio-siritu
1154 776 1203 826 por

115 844 202 894 divino
212 854 318 894 munero
329 844 354 889 ct
364 841 530 902 adspiratione
540 841 645 903 qudam
669 837 765 896 tiones,
776 839 803 884 st
811 836 888 885 iaciat
897 836 1077 885 rationshites.

114 914 231 963 humanis
247 911 392 961 infundatur
402 913 541 971 mentibus,
552 912 581 959 ut
590 922 646 959 eon·
699 905 724 954 d.
736 905 850 966 Denique
861 905 905 954 uhi
922 905 1001 965 laetis
1011 904 1139 965 praeeph
1148 914 1200 951 enr-

115 983 243 1042 renientts
260 983 287 1030 et
303 980 363 1029 iidei
380 982 456 1042 piens
470 980 501 1029 de
518 982 572 1029 Itco
589 991 647 1028 sen·
670 975 857 1035 meraritalpue
864 972 1202 1035 annuntiaritpopuimhee

115 1051 188 1100 tiant.
670 1045 732 1091 rtem
754 1046 841 1106 postea
859 1043 1037 1103 intelligibilis
1059 1043 1128 1090 iliius
1148 1053 1202 1089 arce

149 1115 175 1165 5.
188 1118 302 1180 Denique
316 1118 359 1179 qui
375 1117 472 1179 loquuti
482 1118 539 1166 sunt
551 1116 583 1165 de
593 1116 648 1175 eius
671 1112 823 1171 testimonii,
832 1113 874 1160 ret
883 1111 1047 1170 candelabri,
1056 1112 1098 1159 rei
1107 1109 1202 1170 thynia-

116 1188 261 1250 malestnte,
279 1189 305 1238 et
319 1189 350 1236 de
367 1188 523 1247 coelenihus,
534 1186 574 1234 rei
589 1197 649 1246 apo·
671 1181 770 1229 materii
785 1181 950 1241 loquuturus,
962 1180 1107 1227 immolarit
1120 1178 1202 1225 hostias

117 1258 189 1314 stoli,
206 1261 248 1307 rei
260 1258 340 1307 sancti
352 1257 494 1318 prophetas,
504 1254 602 1303 nonnisi
613 1266 645 1301 ex
671 1252 698 1299 et
708 1248 812 1308 iiharit,
821 1250 951 1310 unguinis
967 1250 1070 1308 partem
1082 1247 1201 1295 mandens

117 1327 271 1376 revelatione
283 1326 449 1375 demonstrata
459 1325 506 1372 sihi
518 1324 584 1384 toqui
594 1322 647 1370 ausi
671 1318 791 1367 aitarihns
805 1319 1012 1380 neris,partenr
1029 1319 1118 1366 auten
1128 1317 1201 1364 iniat
1223 1340 1246 1357 κ

117 1399 184 1444 sunt.
195 1395 266 1444 Unde
277 1395 366 1443 Penius
376 1396 404 1443 el
417 1396 515 1454 raptum
526 1405 553 1440 ss
568 1393 595 1439 in
605 1403 647 1452 pa-
671 1388 733 1437 dens
743 1387 891 1436 crateribus.

116 1465 240 1524 radisum,
252 1466 277 1511 ei
287 1462 385 1510 audisse
396 1475 422 1509 sc
433 1462 522 1521 rerba,
533 1473 588 1521 quae
598 1472 646 1507 uon
702 1459 725 1505 ⁷.
736 1458 773 1506 rit
780 1471 838 1518 erpo
845 1456 937 1506 divisio
945 1458 1064 1518 mystica
1076 1454 1200 1513 iliius,hoc

117 1530 177 1578 iicet
187 1529 282 1576 homini
293 1529 375 1589 ioqui,
387 1529 412 1575 in
425 1527 529 1588 epistota
540 1540 584 1575 sna
596 1528 646 1574 tes·
672 1526 820 1586 ost,dirinae
831 1526 985 1587 moralisque
996 1520 1200 1586 septennatim

117 1596 224 1644 tiiicatus
240 1598 277 1643 est
294 1595 453 1656 :Stephanus
469 1607 567 1654 qnoque
584 1594 647 1642 vidit
672 1597 739 1643 enirn
749 1595 1125 1655 divisorestanimarumstque
1135 1594 1200 1640 rirtr-

117 1666 192 1712 culos
208 1665 318 1724 apertos,
336 1667 361 1711 et
376 1665 459 1711 lesum
471 1663 501 1709 ad
519 1664 647 1711 dexteram
672 1667 743 1712 turn:
759 1661 910 1720 inuocantem
921 1664 1034 1712 verbum
1045 1664 1093 1710 liei
1103 1660 1199 1709 raiidun

118 1735 164 1782 Dei
174 1737 278 1782 stantem
295 1747 303 1780 r
319 1735 345 1781 et
363 1733 441 1780 llarid
451 1733 573 1793 propheta
585 1733 648 1780 vidit
672 1736 698 1782 et
707 1737 822 1793 acutum,
832 1733 899 1795 quod
907 1733 1051 1793 pertransit
1060 1744 1089 1780 ac
1100 1731 1200 1792 penetrat

119 1803 256 1850 sedentum.
268 1802 327 1848 itam
339 1802 370 1849 de
381 1801 463 1861 iioyse
474 1800 536 1861 quid
548 1801 648 1861 loquar,
672 1815 751 1864 usque
765 1803 795 1851 ad
812 1803 965 1851 divisionem
980 1803 1094 1860 animas,
1109 1801 1200 1848 virtutes

119 1869 151 1919 cie
167 1883 217 1930 quo
234 1869 296 1917 dieii
311 1870 450 1929 Scriptura,
460 1868 526 1929 quod
536 1881 584 1917 non
595 1882 649 1916 sur-
672 1884 769 1932 quoquc
780 1870 912 1932 distinguit
920 1873 948 1919 et
958 1870 1055 1919 dividit
1064 1882 1073 1929 ς
1083 1870 1152 1927 cujus
1161 1867 1200 1914 ni·

118 1940 186 1988 rexit
197 1940 303 2001 amplius
317 1940 436 2000 propheta
448 1939 474 1987 in
485 1939 574 1996 israel,
584 1939 648 1986 sicut
673 1941 750 1988 nister
765 1941 860 2001 nosses
876 1940 1004 1988 divisione
1019 1939 1147 2001 sanninis
1159 1938 1201 1984 rir-

118 2009 227 2069 ltoyscs,
239 2011 283 2070 qui
300 2009 374 2057 scirit
389 2010 521 2056 Dominum
538 2007 600 2056 iacie
617 2007 649 2055 sd
673 2011 752 2059 tntum
763 2021 854 2070 penora
864 2009 994 2057 distinxit.

118 2075 222 2136 taciem,
233 2077 260 2125 in
271 2077 385 2126 omnihus
396 2077 472 2138 sipnis
482 2077 508 2124 ot
517 2075 649 2138 prodixits,
702 2079 727 2127 8.
738 2080 769 2127 lii
777 2079 836 2138 quia
847 2078 911 2125 nihii
923 2091 974 2138 prce
986 2079 1088 2126 caeteris
1099 2079 1125 2126 in
1135 2079 1199 2136 hert,

120 2158 176 2207 quse
188 2146 247 2194 iecit
259 2147 360 2195 interra
371 2146 475 2207 AEssypti.
672 2147 1200 2206 nisiChristiadrentusannnntiatur‚slpoe

148 2213 174 2264 l.
196 2216 297 2275 itystica
323 2229 381 2276 ereo
406 2217 459 2263 Deo
478 2214 584 2277 libatur,
605 2215 649 2277 qni
673 2218 727 2277 ejus
740 2217 910 2279 prenarratur
928 2218 1027 2278 passio;
1039 2218 1099 2266 ride
1113 2229 1144 2264 ne
1161 2217 1200 2262 ista

118 2283 249 2345 splendore
256 2284 349 2333 maine
357 2284 496 2345 sapientis,
503 2285 575 2344 cuius
581 2287 650 2345 pater
673 2284 705 2333 sit
712 2286 791 2335 hostis
801 2285 929 2344 salutaris,
938 2297 1018 2345 quam
1026 2286 1136 2334 Verhurn
1145 2287 1200 2331 tiens

119 2354 147 2401 et
161 2353 257 2415 genitor
267 2355 319 2412 est,
330 2353 465 2401 initammai
476 2354 565 2402 animos
580 2348 649 2413 ripo-
673 2354 699 2403 in
709 2356 787 2403 semet
798 2354 852 2415 ipso
862 2354 967 2413 obtulit,
978 2357 1057 2415 atque
1069 2356 1098 2403 iu
1108 2366 1150 2403 suc
1160 2355 1200 2400 in·

119 2434 173 2470 rem
197 2434 225 2470 ae
242 2424 352 2470 mentem
373 2422 505 2470 illuminet.
524 2421 648 2483 Sapientia
672 2424 775 2473 melarii
785 2435 887 2483 corpore
898 2435 906 2469 r
919 2422 986 2483 quod
997 2424 1082 2483 prirno
1092 2423 1199 2472 moraien

119 2494 203 2541 sutem
222 2491 269 2541 liei
287 2493 409 2552 Christus,
421 2493 447 2540 in
466 2493 537 2552 cuius
547 2493 647 2554 pectore
673 2493 699 2540 in
711 2492 856 2552 Evangelio,
867 2490 911 2539 sed
922 2491 1003 2539 etiam
1012 2494 1040 2540 tn
1050 2493 1117 2552 hege
1128 2489 1199 2539 docuit

119 2562 280 2610 recumbebat
290 2562 426 2620 iohannes,
438 2561 507 2609 uide
518 2562 648 2622 principaii
673 2561 842 2622 disciplinam,
855 2562 880 2607 et
897 2560 923 2607 iu
934 2573 980 2608 sua
992 2561 1117 2621 patientia
1136 2564 1199 2620 atque

120 2630 164 2677 llio
182 2633 325 2690 secretoque
344 2630 472 2689 sapientise
489 2629 600 2677 hausisse
611 2629 648 2677 di·
673 2630 699 2676 in
711 2631 763 2690 ipso
773 2630 829 2677 actu
843 2631 869 2677 et
883 2640 959 2688 opere
970 2631 1200 2689 monstrarit,tan-

120 2697 177 2744 sina
186 2697 331 2758 proderetur
339 2697 464 2757 mysteria.
474 2696 587 2756 lienique
597 2696 649 2755 ipse
674 2713 746 2761 quarn
761 2701 789 2747 in
803 2699 926 2758 crateras,
939 2700 974 2747 ita
986 2699 1014 2747 in
1025 2713 1108 2749 mores
1118 2701 1200 2748 nostros

121 2766 232 2813 conscius
243 2766 353 2813 muneris
363 2765 409 2812 hoc
420 2766 531 2825 scripsit,
539 2764 580 2826 qui
592 2766 650 2825 sitsi,
673 2781 806 2829 sensusque
818 2766 995 2816 transiundens
1010 2769 1085 2816 reiut
1100 2769 1200 2817 substan·

120 2833 187 2892 quod
201 2835 343 2893 acceperat,
356 2833 498 2890 vindicare,
514 2835 540 2879 et
553 2845 596 2880 suo
607 2834 651 2880 ad·
674 2838 734 2885 tiam
742 2836 871 2897 quamdam
880 2838 906 2884 ct
914 2836 1003 2884 vitalia
1012 2838 1069 2897 ipss
1075 2838 1201 2898 sapiente,

120 2901 217 2962 sturme
236 2902 334 2961 ingenio
356 2901 538 2948 reformidabat·
557 2901 606 2949 Sed
624 2902 650 2949 ui
674 2908 764 2967 quibus
779 2907 874 2953 meutos
886 2905 1018 2952 hominum
1030 2904 1199 2954 ririhcaritsd

120 2968 650 3033 lpseDominusdicebatapostolis,ossuum
674 2976 773 3025 vinulis
781 2975 956 3034 seminarium,
968 2978 996 3024 et
1005 2976 1123 3025 instituta
1132 2976 1201 3037 pieta-

121 3036 235 3097 aperiens
254 3051 261 3084 r
278 3040 379 3099 Accipite
397 3040 510 3100 Spiritum
528 3044 651 3101 sunctum
675 3044 707 3092 tis
718 3044 825 3092 :deinde
838 3043 958 3091 accedens
969 3043 1003 3090 sd
1018 3046 1116 3104 attare,
1126 3042 1201 3094 mont

121 3117 170 3167 quo
181 3104 315 3155 declaravit
325 3119 351 3156 se
363 3119 431 3168 csse,
440 3107 483 3167 qui
495 3106 570 3169 hioysi
580 3108 651 3156 dixe·
675 3113 759 3161 hostiae
770 3126 820 3160 suae
830 3112 985 3172 nerninem.

121 3174 161 3222 rut
171 3187 178 3219 s
190 3176 240 3236 Epo
252 3178 358 3237 aperiunt
369 3189 394 3224 os
410 3179 489 3235 taum,
501 3180 523 3225 ct
534 3179 650 3226 instruam
704 3183 728 3230 9.
738 3184 823 3244 itaquo
834 3182 886 3230 sire
897 3180 933 3229 ita
944 3181 999 3230 hssc
1010 3183 1136 3244 accipias,
1145 3182 1204 3243 pius,

121 3246 144 3292 ts
153 3245 208 3304 pald
218 3245 301 3293 debens
315 3245 387 3305 topni.
399 3246 459 3305 Ergo
470 3247 521 3294 haec
532 3246 651 3307 snpientia
675 3253 702 3299 nt
712 3253 832 3311 arbitror,
842 3263 927 3299 sensus
938 3253 976 3300 est
988 3265 996 3298 c
1007 3252 1065 3301 sire
1076 3253 1202 3301 secundun

121 3311 220 3373 divina,
239 3314 426 3374 inenarrabilis,
438 3316 597 3376 impermixta
613 3317 652 3362 ai·
674 3321 828 3369 Salomonem
842 3319 920 3379 reiis,
936 3323 1067 3370 concurrit
1083 3335 1165 3382 uque,
1179 3321 1204 3366 nt

121 3396 170 3444 que
189 3384 329 3445 incorrupta
349 3387 489 3433 sanctorum
505 3385 596 3434 animis
613 3387 651 3435 sui
675 3391 886 3452 quiasanpuineru
894 3390 1204 3451 misilincrsterasiiopses

121 3451 232 3502 totundit
242 3452 359 3514 madum,
368 3454 394 3501 et
404 3454 570 3515 cognitionem
581 3468 652 3506 rere·
676 3459 809 3520 propheta,
817 3469 947 3517 cognoscas
955 3458 1041 3519 ipsum
1050 3473 1107 3508 esse
1115 3458 1204 3518 ungui·

121 3521 170 3581 iai,
179 3523 208 3570 ut
217 3522 375 3583 speculentur
383 3522 437 3580 ejus
447 3523 559 3583 pluriam.
676 3541 746 3586 narn,
758 3527 788 3575 de
799 3540 848 3587 quo
858 3527 978 3587 scripturn
991 3531 1028 3577 est
1040 3532 1103 3590 quia
1113 3531 1205 3589 sapien·

153 3590 176 3636 n.
189 3589 232 3635 ilia
249 3588 332 3636 autem
352 3591 450 3638 moratis
465 3589 653 3650 sapientiaedis·
677 3597 711 3645 tia
730 3596 828 3644 miscuit
851 3595 877 3643 iu
896 3599 993 3645 cratere
1016 3598 1109 3648 vinnm
1126 3609 1207 3653 suun,

122 3657 214 3720 cipitna
223 3658 273 3717 est,
283 3671 337 3719 ques
345 3659 452 3708 mittitur
460 3659 485 3707 in
497 3661 617 3720 crateras,
628 3663 654 3709 ei
677 3664 760 3712 dicens
771 3666 798 3711 ut
806 3664 978 3724 relinquerent
987 3666 1174 3726 insipientiam,
1183 3666 1206 3712 et

122 3735 155 3775 ex
166 3726 215 3774 iilis
225 3727 362 3787 percipitur
374 3730 449 3789 atque
461 3729 583 3778 hauritur.
595 3731 653 3777 Cro·
677 3734 814 3795 quererent
821 3732 980 3792 sapientiam.
988 3735 1112 3785 ilauritur
1119 3747 1173 3794 erpo
1179 3733 1207 3780 de

122 3793 189 3843 teres
200 3794 277 3855 ipitnr
287 3807 404 3845 sensuum
421 3798 586 3858 receptacnia.
597 3800 653 3846 Cra·
678 3802 772 3849 cratero
786 3800 924 3862 sapientia,
936 3802 1055 3852 hauritur
1073 3805 1208 3864 discipline,

122 3861 189 3911 teres
198 3862 262 3911 oeuii
275 3865 332 3912 sunt
342 3864 390 3913 duo
400 3898 408 3925 ,
418 3879 490 3915 aures
501 3868 571 3924 sunt,
582 3879 654 3916 nares
678 3869 789 3918 hauritur
797 3870 953 3931 intcilectus,
962 3871 1081 3922 hauritur
1089 3874 1210 3930 correctio,

123 3937 195 3990 sunt,
206 3944 232 3979 os
242 3944 353 3994 qnoque,
364 3936 390 3981 et
403 3935 457 3982 alios
467 3935 551 3996 partes
561 3947 651 3983 coare·
679 3938 792 3986 hauritur
803 3938 860 3986 vitae
871 3940 1031 4001 emendatio,
1042 3943 1158 3992 hauritur
1166 3953 1212 3989 mo

124 3997 490 4065 ntentcsmuncrt3muuenim
501 4003 653 4056 risumreci·
680 4019 733 4056 rum
751 4007 776 4054 et
790 4006 956 4058 consiliorum
972 4011 1145 4075 temperatio,
1163 4012 1214 4073 pios
