2632 4784
279 488 461 537 suroslrlo
475 488 511 534 tlt
528 486 653 544 tuctu,
671 490 768 537 tinsn
785 491 940 539 ustinus
1112 489 1154 540 lrl

94 555 165 629 hm
184 583 237 620 non
256 572 337 633 letos
354 575 399 621 sed
419 570 486 633 qnod
505 570 604 621 delcadl
657 573 1158 635 92.Unoetoovocom,rotre;ntdoceas

94 638 237 713 μμοίοεῑ,
257 644 328 692 ablui
346 644 437 705 potest.
457 643 551 691 Latent
569 642 605 690 la·
629 654 670 690 mo
684 644 745 705 quid
763 643 825 692 llens
842 643 1003 707 cogitaverint
1017 643 1102 704 Unde,
1120 646 1157 694 la·

94 716 165 777 ῃιε
175 712 310 770 delictum,
326 712 392 773 quod
405 724 466 762 roco
479 712 557 772 pudor
567 712 604 759 est
628 724 717 772 quani,
733 714 757 760 te
772 713 890 762 crocemt
904 714 941 762 Do
955 714 1030 774 coelo,
1046 713 1091 763 ubl
1104 714 1156 777 lam

94 778 193 833 ulteri.
205 781 236 828 Et
244 781 329 829 reniae
339 781 411 829 fletus
423 780 568 839 consulunt,
578 780 605 828 et
629 781 703 830 clroro
710 782 817 830 insertus
825 795 852 831 cs
861 783 1011 841 Angelorum
1022 795 1029 829 r
1040 795 1073 831 an
1081 784 1157 832 etlam

200 849 206 860 '
231 850 377 910 ,lacrymas
384 849 437 898 sinc
445 850 545 898 horrore
553 848 604 897 cul·
628 849 659 896 de
671 851 781 912 tumulo;
794 852 852 911 quia
862 864 911 899 non
922 852 994 911 putas
1003 851 1120 910 iniuriam
1130 853 1157 899 et

94 850 299 1043 Exulat:
312 919 426 978 iacrymas
441 917 536 965 crimen
549 918 604 966 sine
629 916 664 964 ibi
686 930 752 978 esso,
772 919 838 967 unde
863 920 982 967 Dominus
1005 920 1156 969 resurrexit!

153 986 206 1034 ‘one
216 987 376 1035 rerearndiae
390 986 536 1036 confitentur
547 999 555 1034 s
566 987 604 1034 la·
628 987 693 1035 Doce
704 1000 748 1035 nos
757 988 817 1048 quid
831 989 877 1036 tibi
888 990 1026 1049 profuerint
1043 991 1157 1050 lacrymer

94 1048 163 1243 ἓξ
178 1056 281 1103 reniam
296 1067 346 1104 non
361 1055 499 1116 postulant,
510 1057 536 1104 et
550 1067 604 1103 me·
628 1058 685 1106 ture.
697 1057 746 1105 Sed
756 1057 861 1106 docuisti
872 1058 939 1106 illico
955 1073 963 1106 r
979 1072 1035 1106 nanr
1047 1059 1091 1120 qui
1102 1060 1157 1120 ltp-

151 1137 171 1171 r.
184 1125 275 1174 inveni
284 1124 443 1174 curtacueril
452 1125 555 1184 Petrus,
570 1138 603 1175 ne
627 1136 669 1173 sus
678 1135 720 1183 cs,
730 1126 862 1186 antequam
874 1126 960 1186 lieres,
972 1129 1099 1188 postquam
1110 1127 1156 1176 sss-

140 1192 186 1239 tito
197 1192 282 1241 reniae
292 1191 382 1252 pelitio
392 1192 447 1252 plus
456 1190 601 1241 offenderet.
628 1194 700 1253 visti,
711 1195 806 1244 electus
816 1209 856 1257 es,
871 1198 900 1244 nt
914 1198 975 1245 alios
989 1209 1102 1260 regeres,
1112 1199 1155 1259 qul

94 1252 142 1306 llll
150 1258 260 1307 tendum
267 1262 307 1308 est
317 1259 343 1318 ⁹,
352 1259 388 1308 sic
396 1259 557 1320 precandum.
627 1264 716 1324 teipso
724 1266 781 1313 ante
790 1277 838 1312 non
848 1277 958 1314 rexeras.

94 1342 96 1347 ’
117 1327 145 1379 l).
159 1333 231 1380 Bonae
241 1332 374 1392 lacryma,
388 1345 443 1393 quar
457 1333 542 1382 larant
551 1334 607 1381 cul··
657 1333 697 1381 ilo.
716 1334 828 1381 ilabebat
841 1347 899 1395 erpo
917 1335 1037 1396 lacrymas
1053 1337 1155 1396 l’etrus,

98 1402 141 1455 μ.
153 1400 267 1462 uenum
274 1411 337 1460 quos
344 1400 415 1448 lesus
424 1400 539 1460 respicit,
549 1402 603 1462 plo-
627 1401 669 1463 plo
676 1414 736 1462 quas
744 1402 861 1451 tundebat
871 1404 960 1452 alicclu
971 1417 979 1450 t
991 1416 1040 1451 non
1049 1404 1157 1453 habebnt

97 1467 544 1528 mussavitpunoreuueetnon
557 1470 604 1519 de-
628 1471 737 1532 proditor
744 1471 818 1520 fletus
826 1472 915 1534 quihus
923 1474 1020 1534 culpam
1029 1473 1154 1533 ablueret,

96 1531 128 1596 ῆς
150 1540 208 1599 qaia
232 1552 286 1588 non
310 1540 454 1600 respexerat
476 1541 602 1590 Dominus.
628 1540 1156 1602 sedtorrnentaconscienllaquibussaeri·

94 1598 304 1670 hulsetnndm
312 1608 449 1670 nondeslt3
457 1609 514 1670 quia
523 1609 602 1668 adhpc
628 1610 719 1670 legium
731 1610 862 1670 laterclum
877 1614 906 1660 nt
918 1611 978 1659 (lum
993 1624 1037 1660 suo
1048 1625 1105 1660 reus
1114 1612 1157 1670 jus

94 1680 124 1724 lla
142 1679 290 1738 respexerat
310 1679 437 1727 Dominus.
457 1679 561 1739 Negavit
578 1680 604 1728 ct
628 1679 694 1728 dicio
704 1679 882 1741 damnatur,et
893 1683 1026 1742 spontaneo
1034 1682 1157 1742 supplicio

94 1745 160 1804 alio,
175 1747 290 1807 respexit
302 1747 388 1806 laus,
405 1749 431 1795 et
447 1747 491 1795 illo
501 1746 603 1796 amaris-
628 1747 722 1796 facinus
740 1750 870 1809 expiatur,
888 1751 968 1810 pietas
983 1749 1097 1810 Domini,
1111 1751 1156 1811 qui

94 1808 134 1862 be
143 1814 225 1863 derit.
236 1815 357 1876 ltespice,
372 1815 475 1864 llormno
484 1816 559 1875 lesu,
575 1817 603 1864 ut
627 1829 654 1865 se
669 1818 722 1877 ipse
733 1819 812 1867 nollet
822 1818 922 1877 ulcisci,
934 1819 960 1866 el
972 1817 1090 1867 divinitas
1099 1831 1157 1879 pro-

94 1880 177 1932 lium
186 1885 298 1933 matrum
308 1884 401 1933 denuc
412 1885 555 1944 peccatum,
566 1885 603 1931 la·
628 1886 741 1948 bareiur,
750 1888 794 1948 qui
805 1888 981 1936 conscientiam
991 1887 1083 1936 ruentis
1093 1886 1157 1937 iari-

94 1952 270 2002 mortim.
282 1952 350 2001 Unde
358 1953 433 2000 etiarn
442 1952 526 2013 lapsus
532 1965 603 2001 sano-
627 1956 694 2004 sibili
705 1957 826 2017 potestate
837 1956 1007 2017 interrogaret.

94 2032 157 2070 ram
171 2022 243 2069 utilis
256 2034 265 2067 r
278 2021 341 2069 ntttl
357 2021 421 2068 mitt
435 2021 522 2070 necuit
537 2022 603 2082 quod
657 2024 697 2073 dt.
714 2027 824 2082 Pecccsi,
835 2025 930 2086 inquit,
946 2026 1007 2086 quod
1020 2025 1157 2074 tradiderim

94 2090 180 2153 rgarit
189 2090 291 2150 Petam
302 2089 398 2151 proluit
410 2089 476 2150 qnod
487 2091 602 2138 emenda·
626 2096 764 2154 scopulosos
772 2095 873 2153 justum.
885 2093 934 2141 Etsi
948 2106 1015 2141 cassa
1025 2095 1062 2141 est
1077 2094 1158 2154 puni-

94 2157 120 2208 ἢ.
130 2159 219 2207 Didici
229 2171 313 2209 carcre
323 2160 430 2221 alloquia
443 2159 601 2219 perildoruru.
628 2165 705 2211 tentia
719 2163 863 2222 proditoris,
874 2163 933 2222 quia
945 2163 1057 2222 peccarit
1066 2162 1093 2210 iu
1101 2162 1157 2223 Spi-

94 2228 163 2277 atrua
174 2229 243 2276 inter
252 2228 346 2277 Judaeos
360 2228 474 2287 negavit,
490 2227 602 2276 Salomon
627 2233 702 2280 riturn
712 2233 838 2291 sanctum,
850 2232 977 2280 esttamen
986 2233 1117 2281 nonnullus
1128 2232 1156 2281 in

94 2296 576 2356 muniorendlideceptuserravlt.
627 2300 720 2348 scelere
740 2300 820 2361 pudor
839 2302 939 2359 culpam
961 2312 1102 2358 agnoscere.
1127 2302 1157 2351 et

103 2366 143 2416 ω.
153 2367 235 2414 Flevit
242 2378 300 2426 ergo
308 2367 335 2414 ct
345 2365 495 2413 amarissime
503 2367 601 2426 Petrus,
627 2368 739 2427 quamvis
748 2368 792 2416 ille
801 2378 850 2415 non
860 2366 1007 2424 absolvitur,
1017 2366 1156 2415 ludaeorum

94 2434 147 2484 bell
162 2437 192 2483 ut
205 2435 321 2497 lacrymis
336 2447 407 2483 suunr
420 2434 503 2495 posset
520 2435 602 2484 lavare
628 2437 710 2484 umen
729 2435 883 2493 impudentia
905 2433 1045 2481 contutatur
1067 2447 1074 2480 r
1095 2447 1158 2493 quos

94 2505 191 2562 Qum
202 2517 210 2550 ε
221 2507 249 2552 et
261 2505 291 2552 tn
300 2505 321 2553 si
333 2503 431 2551 reniam
441 2503 479 2551 vis
495 2506 602 2564 mereri,
628 2517 684 2551 cum
708 2503 826 2564 professio
851 2503 981 2561 redarguat
1006 2501 1157 2561 venditoris,

94 2572 145 2622 litae
162 2575 278 2634 lacrymis
300 2573 398 2632 culpam
422 2576 490 2622 luam
516 2573 602 2620 codem
628 2573 739 2619 scelerati
753 2569 1158 2628 tarnensilrisindicautiuracon-

94 2646 213 2702 mento,
221 2642 318 2689 *eodem
334 2643 445 2699 tempore
461 2641 561 2701 respicit
578 2645 603 2689 to
628 2641 736 2699 tractus,
748 2642 774 2687 et
784 2640 894 2687 exsortes
905 2641 989 2686 reatus
1002 2652 1055 2686 csse
1067 2652 1093 2686 se
1105 2651 1158 2687 cre·

94 2711 192 2760 uriom
206 2711 234 2759 si
247 2712 274 2758 in
284 2711 366 2771 aliquo
383 2709 483 2758 tortasse
498 2710 602 2769 lobaris3
628 2709 704 2767 dunt,
715 2708 868 2757 dumdicuut
879 2721 885 2754 :
898 2710 996 2770 Qoltod
1006 2707 1065 2758 nor?
1077 2711 1159 2757 Tost-

94 2781 294 2840 miasecretorum
305 2781 403 2828 tuorum
413 2779 508 2828 adsistit
518 2781 602 2841 testis,
627 2781 697 2829 deris.
709 2780 825 2827 Amantes
836 2777 923 2839 plane,
939 2776 982 2838 qui
997 2779 1084 2838 putent
1094 2779 1157 2828 solvi

94 2850 176 2910 aspicit
184 2852 214 2898 nt
222 2849 376 2909 recorderis,
386 2851 412 2897 et
424 2848 524 2898 fatearis
535 2861 603 2897 crro-
628 2861 654 2896 se
663 2848 740 2908 magis
750 2848 857 2895 auctoris
864 2847 973 2906 scelere,
984 2860 1057 2908 quarn
1066 2849 1156 2897 teneri.

94 2930 144 2966 rea.
161 2920 257 2968 lrnitsrs
276 2919 377 2967 Petrum
398 2918 523 2966 dicentem
542 2919 602 2966 alibi
628 2920 656 2966 in
671 2916 820 2978 pecuniariis
830 2916 910 2964 causis
927 2915 1010 2964 retuso
1020 2918 1100 2976 pretio
1115 2918 1158 2976 jus

95 2987 154 3035 tertio
167 3003 175 3035 ε
190 2991 303 3046 nonius,
319 2991 345 3035 ta
360 2989 471 3048 teupulo
485 2988 554 3047 serpo
571 2991 601 3036 tc.
627 2987 747 3035 solvitur:
760 2986 785 3034 hi
797 2986 905 3046 pretium
920 2986 1060 3046 recipiunt,
1077 2988 1102 3035 et
1117 2999 1158 3034 sa·

97 3055 175 3106 [turim
189 3059 248 3121 quia
265 3057 341 3104 tertio
363 3057 509 3115 negaverat,
529 3057 603 3104 tertio
628 3058 756 3118 crilegium
774 3058 971 3116 persequuntur,
994 3066 1023 3103 ac
1045 3055 1158 3114 pertine«

99 3126 517 3187 meursseonogavltrnnoele,
528 3127 603 3174 conil-
628 3125 697 3174 cibus
716 3125 804 3174 studiis
823 3122 945 3171 funestam
963 3123 1012 3170 sihi
1031 3123 1158 3172 vindicant

99 3195 236 3246 ietarindie.
627 3195 752 3255 sanguinis
769 3194 922 3252 auctionem,
941 3205 997 3241 curn
1015 3192 1158 3242 retunderet

119 3262 148 3312 tl.
157 3267 210 3314 ilat
220 3268 304 3315 autern
318 3264 375 3313 ideo
391 3263 480 3324 scripta
491 3263 560 3322 sunt,
574 3264 603 3311 ut
628 3264 743 3311 venditor
753 3261 875 3321 sacrilegii
886 3261 1034 3310 mercedem.

100 3330 179 3382 “ianas
194 3335 320 3384 neminem
338 3334 431 3391 iactare
451 3345 477 3380 se
495 3331 601 3392 debere,
657 3334 696 3380 95.
722 3331 853 3379 Evidenter
871 3330 954 3390 itaque
973 3330 1032 3377 duur
1049 3328 1159 3389 pretium

101 3409 139 3446 nan
150 3403 169 3450 si
181 3404 265 3451 Petrus
277 3403 363 3462 lapsus
374 3403 426 3461 est,
442 3401 500 3461 quia
513 3400 601 3449 dixit:
628 3402 753 3461 sanguinis
779 3413 794 3448 a
817 3401 956 3448 iudaeorum
980 3398 1160 3460 gazophylaciis

100 3467 183 3519 Bia'ala'i
194 3472 350 3521 msdoiisolt
365 3471 451 3530 {uerr‘m
467 3471 492 3519 in
513 3473 548 3528 te,
563 3484 603 3531 cpo
628 3469 974 3530 separatur,etagerlpulieu
984 3467 1160 3530 quarenditur

100 3541 318 3599 maneantur,
330 3539 387 3604 quis
397 3539 461 3586 alius
469 3538 525 3597 jure
535 3538 566 3585 de
577 3551 603 3586 sc
628 3538 753 3598 christus,
779 3538 931 3598 comparatur
950 3537 1071 3597 pecunia3
1099 3536 1158 3584 durn

101 3609 335 3669 rmmallnenique
345 3607 456 3655 elllavid
467 3609 525 3669 quia
534 3607 604 3655 dixe·
630 3609 651 3655 is
665 3608 734 3655 locus
749 3607 879 3654 humandis
894 3607 1079 3668 peregrinorum
1098 3605 1158 3653 roli-

101 3676 604 3739 altercaritrimeaooontosucsonmo
629 3674 694 3736 quiis
712 3673 824 3733 dicatur,
843 3674 870 3721 et
886 3673 1024 3734 prophetias
1039 3673 1158 3732 impletur

100 3743 176 3794 soris
191 3752 320 3804 cremum,
331 3757 387 3793 earn
403 3743 450 3791 sliri
460 3744 604 3803 jactantiam
629 3744 768 3803 oraculum,
784 3744 809 3789 ol
821 3741 945 3802 surgends
959 3742 1075 3791 Ecclesiae
1089 3755 1157 3802 mys·

100 3811 179 3863 siluisse
189 3818 329 3878 piolitetur,
339 3813 557 3866 dicenszAverlistr'
565 3814 604 3874 sc-
631 3813 720 3860 terium
728 3812 862 3859 revelatur.
874 3811 936 3869 Ager
945 3811 1012 3857 enirn
1023 3810 1158 3858 secuudum

101 3882 605 3946 rintsoncrrrmt[octmrumconturbotcs.
631 3881 843 3940 divinnpraecepta
852 3878 1157 3927 rnuuduslricornniscst:

631 3950 719 4009 figulus
729 3950 827 4008 autern,
846 3947 889 3996 ille
899 3947 941 4008 qui
959 3960 1002 3994 nos
1013 3947 1127 3994 lormavit
1143 3960 1157 3995 c

115 4003 540 4056 'mmrsnruroeiusnoresnsucam
552 4011 605 4043 '‘¹¹''
632 4019 707 4078 tirno,
727 4018 759 4064 do
776 4029 825 4076 quo
844 4016 920 4063 habos
937 4016 962 4061 in
978 4015 1056 4062 reteri
1073 4016 1158 4060 Testu-

102 4062 607 4168 :m:2232ssssssssffffmpffx,',¹,⁰,”¹ffuffl“ss
632 4087 713 4133 mento
732 4099 739 4130 τ
757 4088 818 4146 Quia
831 4085 901 4143 {lucit
917 4087 979 4132 Deus
997 4083 1114 4128 irorntncnr
1132 4084 1159 4130 de

101 4169 181 4215 susan
192 4171 392 4214 reconciliationem
406 4169 535 4207 accederent.
633 4158 688 4204 iimo
698 4158 781 4212 terre,
795 4151 913 4202 lormoudi
926 4162 970 4211 por
981 4153 1107 4210 nalumm,
1121 4160 1160 4201 re·
