2632 4784
118 420 151 471 40
309 460 312 465 .
366 422 369 427 ’
500 426 624 472 SANCT!
644 427 804 471 Anonosll

118 506 290 555 auctoritatem
300 504 381 554 divini
391 508 511 555 sermonis
519 507 645 566 adscisce,
672 506 789 556 refusam.
810 505 915 555 Adstrue
935 519 994 569 erpo
1013 520 1060 569 per
1085 509 1201 560 historias

118 573 505 637 etpromlssmneiusadventum
516 575 647 636 propheta·
671 576 812 624 Graeeorum
825 576 871 623 noc
890 575 965 624 tuisse
983 578 1115 637 possibile,
1136 580 1200 627 sicud

117 644 578 707 rumvocedcslgmzresurreeuoucm
586 658 646 705 quo·
671 643 797 692 interdum
816 645 891 692 etiam
907 646 1035 704 Apostolus
1053 647 1143 695 suadet
1161 648 1199 696 lu·

117 726 167 777 que
182 713 261 762 multo
277 715 336 761 ante
347 714 498 774 compertam
508 713 646 773 Scriptura·
672 714 782 762 credulis
792 727 800 761 t
812 726 858 762 nee
875 727 961 781 versus
972 715 1082 775 poeticos
1093 716 1197 779 retunt,

116 794 173 832 rum
184 782 333 831 testimoniis
343 782 460 842 edoceto,
471 795 519 830 non
529 784 645 832 uultatam
670 784 700 829 ut
710 781 805 830 tabulas
819 782 927 831 destruat
943 786 1081 844 poetarum.
1095 784 1120 832 Sl
1132 786 1197 834 enim

117 863 175 901 cum
190 851 288 901 otieris
304 853 379 912 atquc
394 864 563 912 communem
574 853 602 900 ut
619 853 645 899 ln
671 852 801 899 revocetur
813 853 839 899 ln
850 852 994 899 memoriam
1005 854 1070 913 quod
1090 855 1198 917 legiones

116 921 172 984 ipsa
178 920 292 969 suscitati
303 921 411 982 corporis
418 922 565 981 adsertione,
573 924 645 970 aeler-
670 929 735 978 saepe
746 922 770 967 et
779 933 880 980 magnos
887 921 1000 982 populos,
1008 923 1097 971 oblatis
1105 924 1197 986 aliquo-

115 1003 156 1040 ιιι
172 991 342 1040 testimonium
363 991 503 1041 divinitatis
520 991 644 1053 adquiras.
670 1002 725 1036 rum
751 990 891 1049 mortibus,
921 989 1030 1038 historiae
1056 992 1196 1041 Graeeorum

115 1059 177 1108 cum
192 1059 260 1108 enim
277 1060 420 1111 ceterorum
431 1072 533 1122 corpora
544 1068 645 1120 corrup-
670 1059 783 1107 adserunt
792 1059 908 1107 liberatos
920 1073 928 1107 t
941 1058 962 1107 si
976 1060 1119 1109 recordetur
1133 1060 1198 1123 quod

115 1127 210 1178 tionem
230 1128 373 1190 probareris
393 1124 496 1185 subiisse
510 1129 566 1189 post
579 1140 645 1175 mor·
671 1128 825 1188 imperatoris
849 1129 901 1178 filia
929 1129 1031 1190 propter
1057 1131 1198 1183 Grmcorum

115 1198 182 1258 tem,
192 1198 356 1259 nunculique
366 1199 397 1245 de
408 1210 457 1258 quo
468 1197 560 1246 dicitur
571 1211 578 1243 e
590 1199 645 1245 Non
670 1198 795 1252 exercitus
810 1196 992 1246 transferendos
1001 1197 1032 1245 ad
1051 1198 1196 1251 sacrificium

114 1266 373 1319 dedlsScnciumluom
380 1268 644 1328 elderecorruptionem,
669 1265 702 1312 sit
713 1268 800 1314 vocata
812 1280 819 1312 ι
830 1267 850 1314 si
862 1269 971 1315 nostrum
983 1267 1046 1316 iliud
1057 1268 1197 1318 considero-

115 1335 259 1397 oomprobas
270 1336 385 1385 irumauae
400 1335 542 1396 tragilitatis
552 1347 645 1395 erper-
670 1345 734 1394 mus,
739 1335 796 1397 quia
803 1338 903 1398 Scapula
908 1339 1030 1386 taurorum
1038 1340 1060 1386 ct
1068 1338 1195 1397 hircorum,

114 1406 184 1465 tem,
198 1405 286 1466 probas
300 1406 413 1454 numanae
429 1404 577 1453 conditionis
591 1416 644 1451 me·
669 1407 691 1452 ei
699 1406 757 1453 cinis
764 1405 842 1452 vitulos
855 1406 975 1465 &sperno
986 1406 1123 1465 nquiorem
1130 1420 1196 1456 sone·

115 1474 164 1523 rita
177 1486 378 1536 supergressum,
397 1476 449 1522 lieo
474 1473 552 1534 mapa
568 1484 643 1534 quam
669 1475 883 1532 lipsaladccruem
897 1474 1197 1531 cenomannensium

115 1544 257 1594 hominibus
267 1543 451 1592 conterendum.
669 1543 785 1590 liebraeos
808 1542 927 1601 scriptum
944 1544 990 1589 esi.
1008 1542 1034 1588 sl
1052 1544 1194 1604 pestilentia

144 1614 198 1662 107.
209 1613 308 1674 Quodsi
319 1614 349 1661 ad
363 1613 516 1663 sacramenta
529 1613 642 1662 iidellum
668 1614 794 1673 regionum
804 1612 927 1672 aliquibus
932 1612 1061 1659 hominum
1072 1614 1194 1661 contracta

114 1683 222 1732 tendens
232 1683 422 1733 catechumenus
433 1683 581 1731 imbuendus
594 1682 642 1742 sit,
668 1681 776 1742 peccatis
785 1713 793 1740 ,
803 1681 877 1728 unius
891 1680 994 1740 alicujus
1012 1680 1091 1729 morte
1102 1682 1195 1731 adseri·

115 1752 248 1802 dicendum
262 1753 320 1813 quia
335 1765 399 1800 unns
414 1754 452 1805 est
463 1755 528 1801 Deus
546 1764 579 1800 cx
593 1764 643 1813 uuo
670 1754 710 1801 tur
729 1761 782 1799 esse
800 1751 925 1810 resoluta3
949 1750 1015 1810 quod
1040 1752 1083 1798 aut
1102 1751 1195 1800 ratione

113 1823 207 1883 omnis,
216 1823 241 1869 et
249 1822 389 1873 unuslcsus
398 1822 507 1869 christus
515 1833 643 1888 perquem
669 1819 815 1880 praevaluit,
826 1820 869 1866 aut
880 1818 1038 1878 dispositione
1055 1820 1194 1880 convaluit,

113 1890 196 1938 omnia
208 1903 216 1937 t
228 1901 277 1938 non
288 1889 349 1937 duos
364 1889 475 1955 dominos
486 1901 540 1937 esse
557 1886 643 1936 dicen·
668 1902 716 1950 quo
728 1889 824 1936 lucilius
840 1888 865 1934 in
881 1899 979 1934 enicem
992 1887 1090 1933 liorninl
1109 1890 1195 1937 crede-

114 1959 177 2009 dos:
191 1960 329 2022 perlectum
345 1959 445 2021 quidem
457 1960 570 2016 Patrem,
585 1970 643 2023 per·
668 1960 756 2008 retur:
769 1957 879 2018 proclive
895 1957 943 2005 crit
953 1958 982 2004 ut
996 1957 1039 2017 qui
1051 1970 1095 2004 sua
1105 1970 1195 2018 negare

112 2028 206 2077 lectum
213 2042 266 2078 esse
273 2028 458 2086 etlilium3sed
464 2027 540 2075 unlus
546 2028 642 2074 Patrem
667 2041 715 2076 uon
727 2028 842 2089 possunt,
853 2026 935 2073 nostra
946 2024 1097 2073 confirment.

114 2090 246 2147 etlilium
267 2111 321 2146 esse
346 2098 489 2146 substantiae
508 2111 515 2143 ι
532 2097 642 2143 Verbum
699 2097 752 2144 loo.
768 2096 816 2143 Sed
831 2096 947 2156 quoniam
965 2095 1049 2141 nullus
1067 2094 1195 2143 horniuum

16 2196 20 2202 ·
114 2168 235 2216 salernum
246 2166 333 2214 aeterni
343 2166 403 2223 nel,
414 2178 463 2212 non
473 2165 538 2226 quod
550 2165 643 2224 proter
668 2165 749 2212 tantus
767 2177 819 2211 csse
834 2164 929 2225 potuit,
947 2164 989 2224 qul
1001 2163 1078 2212 lolius
1093 2168 1195 2224 peccalo

113 2236 170 2293 tur,
180 2234 224 2281 sed
234 2235 300 2295 quod
310 2233 438 2295 operatur,
451 2245 483 2280 ex
492 2234 562 2292 pnlre
572 2232 642 2292 geni·
668 2234 767 2281 tolieret
784 2232 883 2291 mundi,
895 2244 975 2293 neque
994 2231 1095 2291 Enoch,
1113 2246 1195 2295 neque

114 2306 193 2364 tau,
203 2315 252 2351 non
271 2315 332 2352 roco
356 2302 461 2351 editum.
478 2296 643 2349 Prohibeulhr
667 2302 801 2361 Abraham,
813 2314 894 2362 nequo
904 2301 1033 2361 lsaae,qui
1044 2301 1104 2349 lieet
1122 2304 1194 2353 morti

114 2384 172 2433 erpo
182 2372 284 2435 aposloli
295 2372 462 2432 evangelizare
475 2383 533 2419 eum
543 2372 589 2418 Del
602 2372 642 2418 l’l-
667 2384 694 2420 se
712 2371 845 2431 obtulerit,
855 2372 966 2432 servatus
976 2371 1059 2423 tamen
1074 2372 1126 2431 est;
1137 2372 1195 2433 quia

113 2442 232 2503 ilum,ut
247 2441 446 2509 evangelizarent
460 2440 543 2502 postea
561 2440 642 2490 eruci·
668 2440 748 2489 omnia
776 2452 825 2488 non
851 2441 947 2501 poterut
972 2439 1071 2487 abolere
1091 2443 1194 2501 peccata

113 2513 202 2562 lixum.
214 2512 272 2563 llaee
283 2513 321 2561 est
330 2511 388 2559 lidci
399 2510 489 2572 gloria,
500 2511 521 2558 sl
532 2522 591 2559 vere
603 2511 642 2557 ln·
669 2509 740 2573 (quis
756 2510 824 2558 enim
833 2510 917 2559 tantus
934 2509 1022 2566 homo,
1041 2509 1068 2556 in
1080 2523 1129 2571 quo
1140 2522 1195 2559 om·

112 2584 211 2644 telllssas
231 2595 330 2635 crucem
351 2582 450 2629 Christi.
470 2581 530 2629 illae
554 2593 641 2629 eruces
667 2580 736 2628 nium
744 2576 1195 2642 peccatamorerentnrt),ideireonon

112 2650 179 2699 nihil
194 2649 257 2697 mihi
274 2650 393 2709 prosunt,
410 2648 462 2696 sola
479 2660 540 2694 crux
551 2648 641 2695 Christi
667 2661 731 2696 unus
741 2660 755 2695 e
766 2649 839 2707 plebe
848 2682 855 2708 ,
864 2659 912 2694 non
922 2658 987 2694 unus
998 2659 1140 2707 enumero,
1151 2648 1195 2698 sed

112 2718 178 2768 miili
188 2718 257 2766 utilis
265 2718 316 2776 est,
327 2717 352 2764 et
362 2728 421 2764 vere
430 2717 508 2775 utilis,
515 2719 560 2764 Per
566 2732 640 2778 quom
668 2718 743 2765 illius
755 2718 800 2764 liei
812 2730 825 2764 a
836 2719 887 2764 lieo
897 2717 967 2764 Patro
979 2716 1073 2764 eiectus
1084 2719 1134 2777 est,
1151 2719 1194 2779 qui

112 2789 173 2839 nne
182 2788 282 2837 munem
291 2786 417 2844 cncclltcoa
429 2788 461 2833 ecl
467 2819 476 2844 ‚
487 2788 509 2833 el
519 2799 560 2847 epo
570 2800 640 2833 mun·
667 2799 724 2835 cum
734 2799 807 2847 supra
823 2798 907 2833 omnes
924 2786 1003 2844 esset,
1018 2797 1063 2845 pro
1081 2786 1194 2835 omnibus

55 2906 58 2911 ,
113 2859 152 2907 do.
163 2856 189 2905 Si
200 2855 405 2904 mihicruclilnus
415 2855 579 2915 estmuudus,
590 2856 641 2903 selo
667 2868 692 2903 se
704 2858 785 2916 posset
795 2855 885 2903 ollerre
896 2866 985 2915 rquem
997 2854 1059 2901 mori
1071 2855 1193 2914 oportuit,

112 2926 170 2989 qula
179 2928 290 2974 mortuus
300 2925 492 2985 est,nondllipo
503 2938 559 2972 eum
573 2925 641 2974 :scio
667 2926 695 2971 ut
711 2924 843 2972 comesset
858 2923 944 2971 tortior
954 2924 1045 2982 morie,
1059 2922 1120 2971 alios
1129 2924 1194 2972 libe-

112 2994 172 3056 quia
185 2995 309 3056 praeterit,
329 3008 378 3043 non
393 2996 540 3055 concupisco
556 3008 614 3051 eum
632 3010 639 3043 ε
666 2995 744 3054 roret,
754 2996 870 3043 Fusius...
881 2995 942 3040 inter
952 2995 1056 3061 moriuq
1064 2996 1114 3041 circe
1125 2993 1194 3052 adju·

113 3064 164 3113 solo
187 3064 246 3126 qula
267 3065 407 3126 corruptela
433 3064 555 3113 consumit
572 3065 639 3113 huuc
667 3065 726 3111 torio
737 3063 806 3121 liber,
825 3063 879 3109 siue
891 3061 1137 3120 adjumentoscilieet
1148 3061 1194 3110 ho·

113 3130 247 3192 mundum,
265 3133 335 3193 quasi
353 3131 466 3180 ioelldum
482 3132 552 3190 vilo,
570 3133 640 3193 quael
666 3132 753 3192 minis,
771 3134 813 3181 aut
831 3132 934 3191 alicuius
952 3132 1087 3191 creaturae,
1104 3132 1193 3179 libera

112 3198 180 3247 luem
191 3199 357 3260 caveo,quasl
368 3201 508 3251 nociturum
516 3200 639 3262 relinquo.
666 3205 752 3250 morte.
765 3203 795 3250 nt
812 3203 876 3251 benc
892 3203 970 3260 liber,
982 3202 1024 3261 qni
1045 3202 1193 3250 servitutem

143 3269 196 3317 lod.
207 3268 254 3317 Sed
266 3281 314 3318 uon
325 3271 407 3318 statim
417 3283 463 3331 per
473 3282 572 3318 crucem
584 3283 641 3330 pos·
667 3271 834 3333 cupiditatum
840 3271 943 3333 repulit,
956 3271 1042 3320 mortis
1052 3271 1134 3320 virecta
1149 3282 1193 3319 nc-

113 3336 172 3384 sunt
191 3336 269 3399 aliqui
296 3339 397 3387 credere
422 3340 529 3389 salutem
550 3340 641 3388 mundo
666 3340 747 3389 scivit.

392 3600 572 3673 LIBER
613 3601 909 3675 SEPTIMUS.

600 3780 713 3792 .-

112 3885 140 3927 V.
149 3888 179 3925 tl·
189 3886 241 3926 iiico
249 3888 322 3925 autern
330 3885 461 3934 volomtate
469 3892 519 3926 sunt
529 3887 596 3937 aliqui
605 3886 641 3925 hic
665 3888 738 3947 erigit
758 3887 840 3935 lutura
858 3889 995 3948 virtutum,
1012 3891 1087 3951 atque
1105 3893 1193 3941 uticus

135 3945 211 3981 ΜΝ
223 3942 262 3990 *¹⁸¹¹
275 3950 318 3979 '¹⁰¹¹
328 3940 444 3989 ⁸l⁸¹⁸b¹²¹⁸¹
454 3946 560 3983 '³⁰¹¹‘ffl'
574 3940 641 3980 ‘¹⁰³⁰‘
664 3957 818 4005 secularium
828 3969 911 4006 rerum
923 3959 994 4007 docel
1013 3971 1066 4007 esse
1081 3964 1193 4008 contern-

135 3994 323 4045 'm'm‘m
333 3994 378 4036 Μ’
665 4026 718 4072 tum
736 4038 743 4070 ι
762 4025 797 4073 ltu
815 4028 890 4075 etlam
912 4025 1082 4075 infirmitatem
1102 4030 1193 4078 mentis

143 4088 166 4147 1.
178 4088 283 4140 sennua
294 4093 409 4144 Dominus
423 4093 488 4143 sicut
498 4093 529 4142 ou
541 4092 641 4154 praemia
666 4093 779 4143 hurnanae
807 4096 966 4167 pruscnllurn
993 4096 1193 4148 remuneralions
