2632 4784
120 373 167 422 dod
506 373 632 422 siricii
654 373 819 420 arianosii

120 457 198 505 tiamt
208 457 293 506 Simila
304 457 342 506 est
359 469 387 504 ac
397 455 417 505 si
428 455 484 518 qais
495 468 561 516 oeqer
569 466 596 502 sa
607 466 647 500 sa-
672 455 736 504 Μαι
742 455 845 503 citarat
849 485 859 510 ,
868 454 896 501 rat
904 451 995 511 [utare
1005 453 1153 504 coiuahten
1162 457 1208 504 1²«-

121 536 181 571 num
199 525 312 585 simulet,
330 524 407 585 maris
424 523 552 583 armtabit
566 535 573 568 r
588 521 647 582 quia
673 524 715 569 iris
725 524 785 580 mei,
796 523 838 582 qui
846 522 943 569 incelis
951 524 994 569 ert.
1003 522 1067 580 Qua
1079 527 1117 571 est
1125 526 1207 572 rolan-

121 592 185 639 aihii
196 593 218 641 el
229 593 344 654 prodesse
357 592 437 652 potest
447 591 571 638 simulatio
582 589 648 637 sani-
673 590 710 637 tas
721 590 782 648 Del,
802 591 849 636 nisi
860 602 891 637 ea
904 602 911 635 ε
923 591 984 637 cari
997 601 1125 639 conserere
1143 595 1204 651 iape-

121 659 525 720 tatis3eumverlioadumbretur‚
536 669 586 706 nou
595 657 647 706 ullo
672 660 773 715 murus,
790 661 845 705 tanc
863 659 942 706 mear
960 656 1024 706 criel
1046 658 1075 705 in
1093 660 1137 706 ilio
1152 672 1205 720 erpo

121 727 238 777 fulciatur
247 729 346 778 rirtrdis
357 728 476 778 subsidio.
673 725 775 774 subdolo
791 727 863 775 eitius
873 726 956 775 nuilus
966 728 1014 775 est.
1033 726 1150 788 Denique
1163 740 1206 776 aee

150 798 175 845 a.
196 799 261 859 lqnle
281 799 365 859 ltaque
384 798 480 845 alienus
499 797 539 845 est
555 794 649 852 libido,
673 795 1007 857 ipseepalaudisuaritatem
1015 808 1107 857 capere
1116 799 1205 858 potest,

120 866 185 926 tqats
200 868 295 916 alienus
315 868 352 916 est
366 879 438 915 omne
456 867 553 926 inlustre
564 866 649 913 incen-
672 862 699 909 iu
709 876 759 924 quo
773 875 823 912 uon
832 864 928 912 sincera
939 865 964 912 et
979 877 1045 925 pura
1056 867 1204 914 couscientia

120 935 189 984 dium
200 937 355 998 cupiditatis,
367 937 430 995 iquis
441 936 538 984 alienus
549 936 587 982 est
597 946 648 981 ern·
672 931 724 991 est;
741 933 879 981 amaritudo
895 933 964 980 enim
979 933 1078 983 [nudis
1091 935 1204 995 epulanti

119 1004 159 1051 nis
166 1005 237 1054 ardor
245 1005 362 1054 aradtiae.
372 1006 423 1055 iioe
431 1005 481 1064 lqni
493 1015 565 1052 nemo
573 1015 646 1050 mun·
673 1000 818 1049 suavitatem
826 1001 1001 1050 obducitraec
1009 1004 1204 1063 permittiinuia

120 1072 205 1132 riatur,
215 1073 258 1121 sed
269 1074 391 1120 exuritur.
403 1074 461 1120 tiam
474 1072 516 1119 ulii
527 1073 574 1121 iste
585 1070 648 1129 iqnis
673 1071 837 1129 seruientia,
853 1071 884 1119 ut
892 1070 988 1119 reliciat
998 1073 1026 1119 et
1035 1075 1123 1132 pascat
1133 1073 1204 1122 obuo-

120 1140 217 1188 aiieuus
227 1141 278 1198 est,
293 1141 314 1188 si
326 1141 382 1200 qais
393 1141 420 1188 in
431 1142 563 1200 conspeetu
574 1152 600 1186 ae
611 1138 649 1185 ci·
674 1138 743 1186 aium
754 1140 865 1187 animum
876 1141 1037 1200 penitentia.

120 1207 183 1257 ierat
193 1211 307 1269 Domini,
318 1211 382 1269 iguis
393 1222 449 1257 curn
460 1209 568 1258 coelcstis
576 1208 649 1256 absu-
706 1208 745 1255 ti.
757 1209 816 1258 ideo
827 1221 885 1268 erqo
896 1210 954 1257 talis
963 1211 1085 1270 adesim,
1096 1211 1154 1260 talis
1163 1225 1203 1273 pe-

119 1279 179 1338 mit,
188 1279 252 1327 sicut
262 1279 327 1327 Abiu
336 1282 361 1328 at
369 1278 467 1339 Nadab,
480 1290 541 1338 quos
552 1277 649 1326 exussit
672 1276 744 1336 titio,
756 1277 812 1326 talis
820 1278 968 1339 poeaiteutia
980 1290 1029 1326 nou
1043 1282 1084 1328 est
1097 1281 1154 1328 usui
1165 1282 1203 1330 aut

119 1344 184 1404 iqnis
196 1347 404 1407 coeiestisparitcr
416 1360 472 1394 cum
483 1349 527 1405 iis,
538 1357 646 1406 quaeprc
673 1346 793 1406 voluptati
804 1346 982 1395 sacerdotibus.
1000 1348 1140 1409 ileritoque
1156 1350 1202 1397 liir·

119 1416 220 1472 peccato
230 1416 305 1463 sacris
318 1416 416 1463 lucrant
427 1416 507 1463 oblata
518 1413 646 1462 altaribus.
673 1427 716 1462 cus
724 1416 782 1474 ille,
792 1415 835 1476 qui
847 1427 892 1475 pro
904 1418 1006 1475 peccato
1017 1416 1119 1465 oblatus
1128 1420 1164 1464 est
1177 1419 1201 1466 ia

118 1483 287 1544 Quierqorult
295 1483 415 1530 mundare
424 1486 552 1542 peccatura
559 1494 647 1540 suum,
674 1483 1143 1544 holacaustnm‚quianoniuitsineera
1154 1487 1202 1534 iios·

118 1549 200 1609 ignem
215 1563 230 1598 a
244 1562 270 1597 se
281 1553 408 1597 removeat
419 1551 537 1597 alienum.
549 1551 589 1597 illi
601 1549 646 1596 soli
672 1552 721 1610 tia,
733 1554 833 1600 exustus
846 1554 899 1611 est3
912 1553 970 1613 quia
982 1553 1010 1598 iu
1021 1552 1079 1610 ejus
1089 1555 1201 1603 sacrificio

118 1617 169 1679 igni
180 1631 206 1666 aa
217 1618 316 1679 oderat,
328 1620 371 1679 qui
380 1620 494 1680 culpam,
505 1632 555 1668 uon
567 1619 647 1666 homi·
673 1619 835 1678 ianisalienus
843 1624 956 1680 repertus
964 1622 1011 1667 est.
1020 1621 1201 1683 Nonestitaqus

119 1687 279 1736 nemerurit.
672 1689 844 1748 complacitum
865 1689 891 1736 et
908 1691 1040 1748 acceptum
1060 1692 1202 1740 sacrificium

148 1757 174 1806 t.
188 1757 234 1815 Qui
246 1758 278 1805 sit
293 1758 339 1806 iste
354 1755 432 1817 lqnls,
448 1755 507 1805 andi
523 1756 648 1807 dicentem
673 1756 737 1817 Deo;
750 1770 798 1805 uon
807 1758 1074 1818 astenimaceeptum,
1087 1760 1134 1808 nisi
1142 1762 1202 1820 quod

119 1825 177 1886 qula
188 1829 253 1874 ierus
269 1827 372 1886 baptizat
390 1829 415 1873 in
425 1827 514 1886 Spiritu
529 1831 609 1875 ruricio
626 1832 647 1875 rt
672 1825 781 1874 ineritin
790 1827 885 1875 divitiis
892 1826 1044 1891 sinceritatis
1055 1830 1084 1876 et
1094 1830 1202 1880 veritalis

119 1897 177 1957 tqni.
189 1897 234 1942 ilic
245 1896 282 1944 est
293 1896 369 1956 ignis,
379 1896 422 1955 qui
433 1896 534 1942 siccavit
545 1895 648 1943 humor·
673 1895 811 1954 preliatum.

119 1963 271 2024 choicaeper
281 1963 493 2011 duodecinrarmos
503 1964 647 2025 sanquinem
703 1963 742 2009 li.
762 1962 818 2010 ideo
837 1963 863 2010 et
879 1962 940 2010 aiibi
951 1962 1015 2024 iaqis
1032 1963 1096 2013 duos
1110 1965 1203 2024 hircos,

118 2033 291 2094 profluentem.
303 2034 647 2094 liicest,qnipeecaturnza·
671 2042 749 2079 unum
769 2033 795 2078 in
817 2043 866 2092 qao
885 2043 938 2079 sors
958 2033 1079 2092 mmiui,
1099 2035 1200 2082 alterum

119 2102 182 2151 chari
197 2102 300 2151 abstulit
317 2101 423 2150 dicentis
438 2101 504 2162 quod
515 2102 647 2151 dimidium
671 2100 875 2161 transmisstouls3
897 2102 1005 2149 illumin
1023 2115 1075 2162 quc
1093 2116 1145 2151 sors
1156 2104 1201 2151 iio·

119 2170 238 2220 bonorum
249 2183 347 2219 suorum
360 2171 429 2220 daret
439 2172 590 2233 pauperibus
622 2175 648 2222 et
672 2169 734 2217 mini
763 2170 845 2218 oilerri
861 2170 935 2230 atque
946 2170 1073 2218 immolari
1090 2184 1198 2234 propec-

119 2238 188 2288 sicui
196 2239 327 2300 quidquam
338 2239 454 2300 abstulit,
464 2240 579 2289 redderet
586 2253 647 2302 qua·
671 2241 725 2286 cato
755 2239 827 2286 iilum
838 2250 897 2287 vero
912 2238 939 2285 in
950 2250 999 2298 quc
1009 2251 1065 2287 sors
1075 2242 1200 2288 inarmis-

118 2308 244 2370 drupium.
264 2310 310 2358 lile
325 2315 363 2358 est
377 2309 454 2370 ignis,
473 2311 516 2370 qui
534 2311 648 2360 abstersit
671 2306 759 2368 sionis,
771 2306 861 2355 dimitti
873 2303 1090 2368 indesertum3‘ut
1100 2311 1200 2370 accipiat

118 2379 214 2438 eulpam
226 2378 341 2438 iatronis3
353 2379 417 2439 iqnis
425 2379 493 2426 euim
503 2391 648 2427 consumens
672 2377 755 2434 pepuli
766 2375 923 2436 iniquitates,
939 2377 981 2425 rel
992 2376 1102 2436 alieuius
1117 2390 1198 2438 pecca·

117 2448 169 2505 est,
180 2447 223 2507 qui
238 2447 304 2495 dixit
322 2449 346 2495 ei
360 2449 450 2495 :Hodie
461 2461 551 2495 mecum
567 2450 613 2496 eric
623 2451 647 2495 in
671 2446 739 2493 toris.
756 2445 825 2493 Sicut
834 2445 900 2493 euim
919 2444 969 2493 duo
979 2447 1039 2494 sant
1051 2447 1078 2494 ia
1089 2460 1160 2507 agro,
1176 2450 1199 2498 et

115 2518 236 2576 paradiso.
247 2517 394 2576 illositaque
402 2516 512 2575 sanant,
523 2516 648 2577 inquibus
672 2526 734 2564 unus
745 2527 829 2562 corum
840 2514 996 2575 adsumetur,
1014 2518 1042 2564 et
1052 2517 1119 2564 alins
1134 2518 1199 2565 dere·

116 2583 255 2644 simplicem
281 2586 306 2634 et
326 2597 411 2644 puram
438 2586 531 2644 reperit
553 2586 648 2633 contes-
671 2584 811 2644 linquetur,
823 2583 857 2631 ita
867 2585 924 2631 sunt
934 2583 983 2631 duo
994 2584 1074 2644 hirci,
1087 2599 1150 2633 unus
1160 2587 1198 2646 qui

117 2649 225 2714 sionem,
236 2655 301 2702 nihil
312 2653 462 2714 malignum,
472 2653 536 2701 nihil
547 2653 648 2702 fraudu·
671 2653 700 2698 ad
712 2652 858 2700 sacritlcium
877 2654 916 2701 est
929 2653 1016 2710 utilis,
1032 2655 1098 2703 alius
1114 2657 1156 2714 qui
1174 2655 1197 2702 iu

115 2720 221 2771 lentum.
671 2720 794 2769 desertum
813 2720 955 2769 dimittitur.
978 2723 1026 2770 ilic
1048 2724 1113 2770 nulli
1132 2725 1195 2783 usui,

147 2792 185 2840 lt).
197 2789 307 2851 lienique
317 2790 393 2839 ludas
402 2791 433 2838 ad
442 2791 579 2838 remedium
591 2803 648 2850 per·
670 2802 750 2849 nequo
767 2788 889 2849 edendus,
909 2803 989 2850 nequa
1007 2792 1148 2852 epulandus
1163 2793 1196 2840 est

117 2861 202 2908 venire
219 2872 267 2906 non
280 2861 374 2919 potuit,
391 2872 446 2906 cum
463 2859 558 2907 diceret
588 2863 647 2907 Pro
670 2858 821 2907 sacerdotum
831 2859 896 2906 tiliis.
905 2859 1049 2907 Sicutenim
1059 2862 1140 2920 exiis,
1147 2875 1197 2922 qua

115 2930 167 2975 cart
179 2930 240 2987 quod
251 2929 386 2974 tradiderim
398 2927 645 2988 sesquiseptimam
669 2927 839 2976 alimentorum
857 2929 927 2987 sunt,
949 2928 1015 2987 quod
1036 2929 1130 2976 bonum
1148 2932 1194 2989 est,

115 2996 173 3056 quia
184 2996 292 3042 alienum
312 2995 394 3055 ignem
409 2996 526 3043 volvebat
544 2997 571 3043 io
589 3010 646 3056 pec·
669 2996 750 3044 editur
760 3011 767 3043 r
778 2996 843 3057 quod
858 2995 948 3043 inutile
962 2998 1005 3043 aut
1018 2997 1131 3057 maium,
1142 3012 1193 3058 pro·

116 3065 168 3112 tore
180 3077 238 3123 sno,
256 3065 299 3125 qui
318 3076 376 3113 eum
393 3064 556 3113 inflammavit
570 3067 601 3113 ad
611 3068 646 3114 la·
666 3063 766 3125 jicitur3
779 3065 812 3112 ita
823 3067 849 3113 et
859 3064 920 3111 bona
930 3076 1005 3124 opera
1014 3066 1153 3126 epulatoria
1162 3067 1194 3115 di·

115 3146 216 3195 qucum.
238 3133 353 3194 indignus
374 3135 441 3183 euim
463 3135 644 3194 remedioiuit,
668 3135 966 3195 cimus,qulasuntesui.

93 3248 97 3258 ,
114 3203 236 3264 quianon
255 3203 282 3250 in
300 3202 387 3251 intimo
405 3203 496 3250 mantis
513 3215 645 3252 conversus
698 3200 735 3250 lt.
756 3204 807 3251 tion
825 3203 934 3263 placebit
953 3215 1012 3263 erqo
1035 3204 1192 3263 Domino,ai

114 3272 250 3331 ingemuit,
272 3272 419 3320 persedulo
438 3273 513 3331 gemit
523 3274 645 3332 poeniten·
668 3271 800 3319 manducet
808 3270 919 3318 sacerdos
929 3270 1129 3333 sacrificium,iu
1136 3272 1194 3333 qnod

114 3342 188 3400 tiam,
201 3342 276 3389 tantas
286 3342 354 3388 euim
366 3342 468 3401 pietatis
478 3341 515 3387 est
528 3342 645 3390 Dominus
667 3341 731 3388 iraus
742 3340 774 3388 sit
782 3339 926 3398 oblationis,
937 3351 985 3386 uon
997 3340 1092 3389 sedulas
1103 3342 1194 3388 contes-

113 3407 196 3465 Jesus,
218 3408 247 3454 ut
264 3410 290 3454 et
310 3407 358 3467 ipsi
376 3406 480 3453 donaret
494 3407 607 3469 reniam,
622 3409 642 3458 si
666 3409 743 3457 sionis
753 3408 889 3456 sinceritas.
900 3409 929 3455 Et
942 3408 1001 3455 ideo
1015 3409 1105 3457 hircus
1115 3411 1158 3457 iste
1168 3411 1192 3455 in

113 3476 202 3523 christi
214 3475 590 3536 exspectassetmisericordiam.
666 3479 789 3527 desertum
800 3476 960 3525 dimittendus
971 3479 1025 3538 cst,
1043 3479 1089 3526 ubi
1101 3490 1192 3528 errare·

144 3547 182 3592 li.
195 3546 263 3592 llarn
274 3556 331 3603 erqo
342 3544 439 3604 culpam
448 3545 587 3594 sacerdotes
594 3559 643 3595 nou
666 3550 722 3595 runt
732 3548 815 3606 patres
824 3545 914 3605 nostri,
926 3553 1076 3594 erraverunt
1085 3550 1160 3606 ineo,
1170 3548 1192 3593 et

113 3614 241 3670 aulerunt,
253 3624 333 3672 neque
344 3614 472 3671 peceatum
481 3614 553 3675 eius,
564 3617 642 3676 quiin
666 3629 713 3663 non
723 3615 857 3676 potuerunt
867 3614 898 3661 ad
906 3617 1099 3665 resurrectionis
1109 3619 1192 3665 remu

112 3682 168 3731 dolo
179 3694 205 3729 se
214 3680 296 3742 ollert,
308 3682 424 3730 studitae
435 3683 460 3730 in
472 3683 553 3732 studio
563 3685 642 3732 deiin·
665 3684 809 3745 pervenire.
820 3682 865 3730 sed
875 3682 971 3730 interiit
979 3695 994 3729 a
1003 3685 1072 3732 terra
1080 3684 1193 3733 memoria

112 3750 205 3812 quendi
218 3751 263 3796 est.
282 3750 333 3796 lion
344 3751 410 3798 eninr
426 3753 528 3811 possum
546 3754 641 3813 epulari
665 3765 758 3801 corum.
779 3752 892 3811 Denique
910 3764 966 3811 quae
985 3754 1040 3799 sint
1060 3753 1194 3814 epulatoria

113 3821 139 3867 in
147 3832 176 3867 eo
186 3819 252 3879 qnod
260 3819 360 3878 plenum
372 3819 477 3880 inradia,
486 3822 511 3869 et
519 3823 641 3881 serpentis
664 3834 751 3882 opera,
763 3820 819 3869 audi
831 3853 838 3867 .
850 3822 881 3868 Et
889 3823 958 3868 crant
966 3820 1071 3869 subicio
1081 3826 1149 3871 terre
1158 3834 1193 3869 co·

112 3890 215 3936 interius
232 3888 355 3936 cicatricis
366 3889 416 3947 ast;
436 3889 506 3936 cilius
516 3889 582 3936 enim
601 3903 641 3937 sa·
665 3893 699 3940 tis
709 3903 772 3937 esem
792 3888 930 3950 Epulatoria
946 3889 1015 3935 enirn
1029 3893 1056 3940 ct
1067 3891 1194 3940 relectoria

111 3958 216 4005 cerdoth
227 3958 265 4005 est
277 3957 468 4017 inpeccatorum
485 3957 637 4006 remissione.
664 3959 763 4018 requies
778 3958 803 4005 in
820 3958 885 4016 Deo,
903 3964 958 4016 quas
969 3957 1032 4006 tacit
1042 3961 1122 4009 animi
1134 3961 1195 4008 trau·

112 4024 223 4082 Undcait
233 4025 639 4089 princepssaeerdotumChrirtusr
663 4027 821 4091 quillitatein.
841 4025 911 4075 Unde
923 4027 949 4074 ei
964 4038 1011 4076 nos
1021 4029 1101 4079 etiem
1112 4030 1138 4078 iu
1148 4041 1199 4077 ser·
