2632 4784
377 426 564 475 exrosirlo
577 427 613 476 ΙΝ
627 429 758 484 ῑΠΕΔΙ,
773 431 870 477 elenu
889 433 1009 479 NONUS.
1194 431 1240 487 103

134 491 276 581 tomum
294 510 390 562 vexere
406 510 524 572 omitia,
535 512 561 563 n
575 511 681 575 runnu
706 511 1240 576 necopinumnpeeuuunuunm.

129 567 340 643 ‘nuptorum
351 580 415 639 Quid
424 581 528 629 miretur
537 582 609 630 turba
616 581 682 643 quod
706 581 822 631 mutarier
831 583 992 643 pepulitoul
1000 586 1059 637 suut
1068 588 1238 648 nummularii,

125 648 263 720 ‘’uenrur
283 649 681 713 mysteriumibtstnesciatqnid
705 649 1240 717 nisiqutdepecuniatlomtniluerumqurr·

121 714 680 779 ¹¹¹¹retur‚miraturtameuquiainiiiopulio
705 720 776 778 runt,
792 732 838 769 nec
860 720 923 769 bona
943 723 1056 783 mnteqvm
1081 723 1239 775 discernunt!

116 784 268 846 &pientia
277 787 362 847 sedet,
376 787 455 836 virtus
463 788 561 849 mmet,
575 787 681 838 iuberet
706 788 811 836 Pecunia
822 791 889 838 enirn
904 791 1003 840 mmini
1014 792 1136 853 scripture
1151 795 1238 844 divine

112 851 253 904 lusoria.
706 856 757 915 est3
769 868 825 904 uem
844 858 870 911 et
885 858 999 908 denarios
1015 860 1093 910 cervis
1111 861 1238 913 distribuit

172 923 215 973 it.
224 926 260 974 ile
268 922 391 986 despicies
400 935 496 987 quoqne
504 923 599 971 estuans
608 922 680 972 istem
706 925 875 984 protecturus,
892 929 917 976 et
933 928 1026 978 talenta
1040 928 1139 989 divisit,
1151 932 1177 979 et
1192 940 1237 992 pre

111 994 332 1056 quorumdam
340 993 458 1053 Anneium
467 993 680 1056 Deiridit,quem
705 994 808 1042 multato
818 995 924 1045 hominio
934 997 1060 1046 vulnerati
1071 997 1237 1049 doomes-

114 1049 219 1113 homo
229 1062 374 1113 viderenou
383 1061 472 1122 potuit.
480 1062 509 1108 et
517 1061 595 1121 vidit,
604 1061 681 1111 etde·
705 1062 799 1111 boterio
810 1063 960 1127 dereliqult3
972 1065 1067 1115 duobus
1075 1066 1143 1115 enim
1152 1067 1236 1117 Teste

116 1125 129 1167 ¹
140 1133 212 1193 ulit.
225 1133 252 1182 et
263 1133 344 1181 locuta
352 1132 402 1191 est3
413 1132 591 1190 utnpuosceres
597 1132 680 1190 poste·
705 1131 796 1180 mentis
806 1132 909 1181 vulnere
919 1135 1000 1182 nostra
1011 1137 1135 1183 curantur.
1146 1135 1195 1185 Sed
1205 1139 1236 1187 te

118 1199 466 1263 rioribustemporibuvsnb
479 1198 587 1247 adventu
598 1200 679 1260 magni
704 1201 775 1261 quasi
793 1200 873 1251 bouus
887 1204 1067 1253 nummularius
1078 1204 1176 1264 eloquin
1185 1205 1237 1256 b·-

122 1268 233 1332 Angeli
248 1268 412 1330 [leigentiles
428 1267 498 1328 illos,
514 1267 678 1329 aniensium,
704 1269 782 1328 mini,
802 1270 900 1331 eloquia
926 1271 1005 1332 cute,
1027 1276 1155 1332 mentum
1175 1273 1235 1336 leus

123 1334 283 1390 locuturos.
704 1339 871 1389 examinutum
880 1341 996 1400 reconde,
1003 1341 1234 1402 purgatumbpirttn

173 1410 215 1458 se.
235 1407 326 1456 l’uicre
340 1408 422 1456 nutem
436 1405 571 1456 secundum
588 1406 679 1455 Lucum
704 1407 840 1469 septiformi
855 1421 862 1457 z
878 1420 926 1457 nec
948 1409 1084 1457 stulterum
1102 1410 1235 1471 imaginem

127 1478 231 1527 turbas
251 1477 380 1525 laudantes
390 1478 470 1524 Deum
485 1475 516 1523 ad
534 1475 679 1526 descensum
704 1474 779 1533 liceis
789 1473 800 1535 (
811 1475 870 1535 quio
887 1476 914 1522 et
930 1477 1027 1523 sennes
1042 1475 1234 1535 transituram

131 1547 237 1597 ruentis
254 1544 390 1595 occurrisse
409 1544 515 1604 legimus
527 1542 561 1604 (v.
573 1544 603 1591 5⁷
615 1542 679 1605 );ut
704 1542 731 1590 in
753 1544 873 1603 Angelum
893 1544 956 1593 lucis
978 1544 1080 1605 iimpie
1097 1547 1234 1594 commuta·

135 1617 301 1678 operetorem
310 1612 420 1673 mysterii
430 1613 548 1674 spiritalis
557 1612 678 1674 signitica-
703 1611 769 1660 tione
781 1613 898 1673 suscipies
909 1627 916 1660 c
927 1625 973 1661 nec
992 1613 1150 1661 imminutum
1163 1613 1234 1661 Prin·

140 1688 202 1734 rent
210 1683 261 1733 eibi
273 1682 371 1731 reuisoe
383 1682 413 1730 de
425 1682 496 1730 coelo.
507 1682 588 1730 'rurba
603 1682 679 1742 intur
702 1681 765 1741 cipio
776 1682 813 1730 tui
832 1682 932 1742 figuram
944 1683 1045 1730 arrisum
1063 1682 1149 1729 traude
1160 1682 1234 1742 perti·

143 1752 257 1814 agnoseit
271 1752 366 1809 Deum,
383 1762 467 1810 renem
484 1751 605 1811 appellat,
621 1762 676 1812 pro·
703 1748 888 1810 dlae‚tl1esanro
897 1752 939 1798 tuo
948 1751 1115 1800 misceosruec
1122 1750 1235 1810 poeonia

146 1823 258 1883 plistiam
276 1820 369 1880 repetit
380 1833 387 1865 ε
398 1823 513 1870 limenun
528 1822 577 1880 filio
587 1823 677 1880 mvii,
702 1830 761 1866 sono
772 1831 843 1867 eures
861 1821 943 1869 tentes
956 1819 1082 1880 tideliuur,
1092 1822 1121 1867 nt
1133 1819 1234 1880 reiigio-

148 1892 194 1940 boe
204 1893 257 1950 eol,
268 1890 432 1939 redemtorem
441 1889 525 1937 domus
535 1889 623 1950 David,
634 1903 678 1939 er·
702 1899 783 1935 sarum
801 1888 952 1936 audientiam
964 1887 1144 1946 Scriptumrum
1156 1883 1235 1937 tinni-

150 1962 285 2019 epectatum
305 1970 404 2019 quoque
425 1957 559 2006 muudum
579 1971 677 2008 caruem
703 1958 741 2003 tus
752 1956 997 2014 rerisexeludet‚vel
1009 1956 1130 2015 religiosis
1139 1956 1234 2005 adecti-

152 2028 229 2076 invii
248 2029 327 2076 fliium
347 2027 444 2075 venisse
459 2026 583 2075 declarat:
594 2030 620 2076 et
631 2029 678 2077 hoc
703 2024 749 2072 hus
766 2024 873 2072 lrabendi
893 2024 1014 2084 cupiditas
1032 2023 1163 2071 inseretur.
1180 2024 1234 2072 tlon

155 2096 678 2158 turbailtaposteriguumcrucilixuremo·
703 2106 761 2153 erpo
779 2106 864 2158 omnes
882 2094 1044 2143 excludentur
1059 2093 1233 2153 nurnmuiariir

155 2168 268 2214 mentum.
277 2168 341 2213 vere
350 2165 507 2212 memorabile
519 2164 610 2214 divium
620 2177 678 2226 ope·
702 2165 759 2212 eunt
770 2163 837 2210 enirn
850 2162 955 2211 ebboni.
967 2163 1094 2225 lienique,
1105 2164 1234 2211 Pecuniae·

152 2231 560 2295 miieuieineignewtedvemumoe
568 2233 678 2282 testium-
701 2245 791 2290 merem,
804 2232 900 2292 inquit,
916 2234 1233 2290 dediruenummutoriir‚et

150 2305 216 2353 nium
231 2303 408 2364 extorquentur
421 2301 520 2361 inritis,
534 2315 592 2351 cum
598 2304 677 2352 mum
701 2314 741 2359 epo
759 2304 852 2350 veniens
862 2314 915 2350 mm
932 2303 1011 2350 neuris
1024 2303 1157 2362 recepissem
1169 2314 1232 2352 eon·

150 2373 236 2434 negant
255 2371 397 2430 affectibus,
411 2383 484 2431 quem
503 2373 604 2421 vocibus
619 2385 677 2422 con·
701 2370 802 2427 Quodsi
820 2384 936 2419 nummus
952 2372 989 2418 est
1004 2371 1233 2431 Scripturarum‚et

151 2440 366 2492 litentur.llndeet
377 2439 532 2489 Dominicum
543 2440 622 2489 illud:
702 2451 775 2485 usura
791 2440 828 2487 est
846 2439 1033 2498 Scripturernm.

733 2508 771 2554 lo.
783 2507 914 2554 cntbedras
929 2507 1012 2553 nutem
1023 2507 1182 2555 vendentium
1193 2519 1233 2557 eo·
1281 2506 1284 2511 ’

701 2574 797 2620 lumbus
812 2586 855 2620 eur
874 2575 1007 2631 everterit,
1021 2574 1156 2623 coeundum
1166 2576 1233 2625 litte·

188 2642 226 2690 td.
245 2642 332 2702 Neque
353 2640 421 2688 euim
442 2637 534 2686 mirum
552 2637 572 2686 si
590 2638 677 2686 laudes
703 2654 753 2688 rum
765 2654 813 2688 non
825 2642 951 2701 intelli303
963 2654 1045 2702 neque
1061 2642 1130 2688 eninr
1144 2643 1233 2693 nundi·

152 2711 246 2759 Domini
257 2712 342 2758 contro
352 2711 539 2756 neturemsunm
555 2719 614 2754 saxa
627 2720 677 2756 res·
702 2713 798 2758 naiores
817 2710 899 2758 avium
918 2709 1044 2758 vindicare
1056 2711 1103 2760 sibi
1120 2712 1235 2771 poterent

151 2780 287 2840 pendeant,
295 2790 368 2840 quem
379 2777 485 2837 scopulis
496 2775 607 2824 duriores
615 2789 677 2837 pree·
702 2780 813 2827 honornti
832 2779 937 2838 alicuius
947 2779 975 2826 in
985 2779 1102 2828 nundinis
1112 2780 1168 2827 colii
1178 2780 1233 2841 dip-

151 2849 229 2897 dieant
249 2848 473 2910 peremtoree.1tut
495 2845 595 2892 tortasse
617 2845 676 2906 quin
701 2848 813 2897 unitatem.
829 2851 888 2896 Nem
906 2862 960 2908 quie
979 2849 1140 2909 prerogativa
1152 2850 1234 2910 digui-

151 2916 374 2967 obmuteseentibns
394 2914 485 2962 induis
503 2913 558 2974 post
577 2913 677 2962 Domini
702 2918 809 2966 intiseet
826 2916 998 2965 incolumnis?
1017 2918 1137 2966 Admonet
1151 2920 1233 2968 umen

152 2989 300 3047 passionem,
312 2985 364 3033 vivi
385 2986 456 3032 erant
475 2983 610 3032 secundum
631 2986 678 3032 Pe·
702 2987 825 3034 Dominici
844 2987 921 3035 forma
946 2986 1113 3046 baptismatis,
1134 2987 1233 3046 quaudo

151 3059 226 3116 trum,
237 3055 332 3117 lapidee
344 3053 480 3101 clnmuturi.
492 3054 553 3112 Erpo
562 3065 678 3113 eompup-
702 3055 829 3102 descendit
839 3054 945 3114 Spiritus
955 3055 1054 3102 sanctus
1065 3054 1092 3101 in
1106 3055 1233 3113 columbo,

152 3127 263 3174 nautibus
273 3124 333 3172 iicet
344 3122 471 3170 dilectibus
480 3122 544 3179 suis,
555 3121 626 3167 turbu
640 3122 678 3169 ta·
703 3126 762 3184 typo
781 3125 915 3183 electorum
934 3124 966 3171 de
985 3125 1076 3183 templo
1092 3124 1234 3182 hujusmodi

152 3207 203 3243 men
212 3196 293 3244 ileum
300 3192 456 3254 odtemplum
464 3203 535 3239 suum
543 3190 677 3240 cumlaude
702 3195 874 3253 mercatorum,
884 3193 1075 3240 quceiesiaDei
1083 3193 1233 3242 consortium

152 3265 257 3313 deducit.
703 3276 744 3311 eos
755 3264 846 3310 nabere
857 3275 906 3310 non
915 3275 999 3323 posse,
1008 3263 1050 3321 qui
1061 3262 1139 3309 suncti
1156 3263 1234 3323 Spiri-

169 2553 193 2591 Υ.
201 2553 234 2592 to.
244 2552 267 2593 sl
275 2551 300 2589 bt
307 2550 425 2596 tacuerim,
433 2549 511 2598 lapidee
521 2548 656 2593 clamabunt:

180 3335 216 3382 ti.
225 3330 471 3392 SedDeustemplnm
479 3343 550 3379 suum
558 3341 679 3378 nonmer-
703 3334 744 3381 tus
755 3331 858 3392 graiium
869 3331 1047 3379 nundinentur.
1062 3331 1143 3379 Grotb
1152 3335 1233 3389 enim,
1244 3390 1247 3395 .

152 3403 236 3451 catoris
247 3403 301 3449 vult
319 3414 373 3450 esse
393 3401 568 3460 diversorium,
581 3400 624 3447 sed
635 3400 678 3448 do-
703 3400 797 3461 inquit,
816 3401 947 3460 accepistis,
965 3399 1234 3461 orationumque

152 3472 268 3519 mieiiinm
284 3470 421 3518 sanctitutis
431 3482 438 3518 ε
450 3482 497 3516 nec
507 3468 628 3516 vendibili
640 3481 680 3516 re·
702 3469 809 3530 Simoni,
820 3472 862 3530 qui
873 3467 1041 3517 sanctificandi
1052 3480 1143 3517 munus
1153 3469 1234 3530 pretio

153 3540 246 3601 titionis
265 3541 357 3599 officio,
378 3539 420 3586 sed
439 3538 555 3598 obsequio
573 3537 679 3598 gratuito
704 3539 762 3587 inse
773 3541 871 3600 putavit
882 3551 952 3599 posse
968 3538 1093 3598 conferri,
1104 3539 1234 3599 respondit

153 3622 218 3658 usurn
230 3608 363 3657 ministerii
381 3608 538 3656 sacerdotalis
553 3607 677 3653 informat.
703 3608 789 3656 Petrum
800 3622 807 3655 τ
820 3611 924 3657 Pecunia
931 3641 939 3666 ,
950 3607 1049 3668 inquit,
1067 3611 1108 3655 tuo
1119 3611 1194 3657 tecum
1203 3612 1235 3660 rit

153 3681 276 3728 tlsusideru
288 3677 430 3739 igiturquid
439 3677 484 3723 tibi
495 3676 526 3723 nd
537 3677 678 3736 exemplum
703 3679 728 3724 in
739 3679 871 3737 interitum
880 3679 992 3738 quoniam
1000 3679 1101 3738 mutinen
1111 3680 1156 3725 Dei
1165 3680 1236 3738 putee

154 3749 250 3797 vivendi
258 3747 384 3796 Donninico
393 3747 459 3806 gesto
465 3747 631 3806 prcescribnut.
704 3748 725 3792 te
738 3747 837 3806 pecunie
857 3747 965 3806 concoqui
980 3759 1046 3807 posue
1058 3759 1066 3791 .·
1078 3757 1126 3791 non
1144 3746 1236 3794 esttibi

182 3820 218 3868 ¹8.
239 3821 271 3867 Et
290 3817 394 3877 ejiciebat
415 3830 494 3864 omrreo
515 3818 636 3863 vendentes
656 3817 679 3862 et
701 3818 950 3875 pnrr,nequesorein
962 3814 1068 3872 lrucfide.

154 3891 246 3937 emmiu
260 3890 287 3936 in
297 3888 380 3948 templo
390 3901 399 3933 .·
410 3890 432 3933 et
443 3898 535 3934 ueneno
543 3886 679 3932 nummulo-
733 3885 773 3932 20.
780 3883 924 3933 Venditores
934 3894 1031 3943 quoquc
1037 3882 1121 3929 ovium
1129 3881 1234 3930 etboum

154 3959 239 4005 riornrn
253 3960 346 4014 evertit,
362 3959 383 4004 et
394 3956 516 4002 cathedrae
532 3956 679 4002 vendentium
703 3966 745 4002 eos
755 3953 828 4014 puto,
836 3952 879 4013 qui
890 3953 923 4000 de
934 3952 1018 3999 lubere
1029 3950 1109 3996 alieno
1126 3951 1166 3998 vel
1176 3951 1236 3999 sine

155 4028 276 4074 srivrrnbnc.
288 4025 442 4073 Generaliter
454 4024 536 4083 itaque
552 4036 624 4084 supra
635 4023 679 4072 do-
702 4022 831 4084 plicitute,
849 4021 910 4069 loedi
927 4018 1109 4067 auctionatores
1118 4019 1235 4079 quenulam

154 4092 419 4144 cuitsaeculnresallei
431 4093 521 4154 ternpio
538 4093 621 4140 abesse
633 4091 678 4140 de·
703 4091 824 4140 nundinas
841 4089 994 4149 aucupentur
1012 4101 1019 4134 ε
1038 4087 1080 4134 eut
1100 4090 1157 4148 rprin
1175 4100 1236 4138 oves
