2632 4784
212 463 258 512 dic
608 459 729 508 SANCTI
746 458 908 507 Autonoen

210 545 272 604 titii,
285 543 327 593 rei
342 541 429 604 peueis
445 541 564 604 alloquor.
574 543 682 601 Querite
692 543 741 590 Do-
766 542 899 602 prudentio
910 554 918 589 c
929 537 1039 589 membra
1049 537 1092 588 tua
1102 536 1232 589 redoleunt
1241 551 1297 589 cru·

210 615 306 663 rninum
316 614 413 672 iesum,
426 612 469 673 qui
483 625 527 660 nos
537 612 621 660 monet
630 612 659 660 nt
675 625 743 672 que-
766 622 820 657 cem
831 608 936 668 curisti,
948 609 974 656 et
990 607 1124 667 sepulture
1134 607 1251 668 odorem
1269 608 1297 655 ut

210 695 292 732 remus
301 693 405 742 regnum
416 680 462 728 Dei
474 694 480 726 ι
492 683 525 728 iit
534 694 583 728 ecce
595 683 690 739 omnic,
704 680 742 727 in·
766 679 830 726 nihil
838 678 870 726 iis
880 689 979 725 somnus
989 676 1076 723 coloris
1085 674 1210 736 infundet,
1218 676 1298 724 nullos

209 751 279 812 quit,
289 752 406 811 suppetent
416 749 489 798 vobis.
498 749 546 796 Sed
561 750 625 797 meio
637 761 681 810 ego
699 762 742 796 ros
766 748 861 795 excitet
879 746 969 794 motus.
984 745 1040 805 ipss
1055 744 1093 792 est
1111 743 1195 791 enims
1206 757 1261 804 quie
1271 756 1298 792 ss

211 821 269 867 ente
288 819 405 866 meritum
420 816 535 875 deterre,
552 817 578 864 et
594 817 629 865 sie
640 818 741 877 exigere
766 815 859 864 Christo
869 815 1045 876 operit,quem
1055 811 1119 862 ouili
1130 823 1234 873 repones
1247 823 1298 860 cur·

211 886 360 935 mercedem.
372 887 437 933 Bone
452 898 561 944 merces,
576 885 620 933 sed
635 886 742 933 divinior
767 885 806 932 uie
816 885 951 944 crepitent.

211 953 364 1014 dispensator
374 955 508 1014 mercedis,
519 954 545 1001 et
560 956 645 1001 unctor
654 967 743 1002 mune·
796 950 1087 1009 ttDGumiiaeeiuveuerit
1095 949 1213 1011 Sponsus,
1219 947 1298 1000 uiue

211 1023 255 1071 ris.
266 1024 294 1070 in
303 1035 378 1081 regno
392 1035 500 1082 merces,
509 1022 535 1070 in
548 1022 644 1070 Christo
658 1035 743 1070 remu·
767 1022 814 1069 ibit
825 1035 832 1067 t
843 1022 923 1069 anime
933 1022 975 1067 tun
989 1020 1032 1067 iiio
1044 1019 1174 1079 munstur,
1187 1017 1297 1066 discedat

211 1088 313 1137 nemndi
322 1089 551 1148 potestes.Quaerite
559 1088 742 1147 ilismiuscrip·
766 1090 866 1138 acubili
876 1103 934 1148 suo,
943 1090 1018 1137 exeut
1028 1088 1056 1135 in
1067 1087 1143 1134 verbo
1154 1089 1224 1146 ejus,
1234 1086 1298 1134 sicut

212 1157 386 1215 turisdivinis,
398 1157 443 1204 ubi
451 1157 561 1205 christus
573 1156 708 1217 invenitur,
717 1158 743 1204 et
766 1159 885 1220 scriptum
895 1160 933 1206 est
941 1160 1035 1206 :Dedit
1043 1159 1125 1205 animo
1131 1169 1185 1204 mec
1196 1158 1220 1204 tn
1228 1154 1297 1203 certo

213 1225 289 1274 dicite
300 1226 364 1273 sicut
373 1225 415 1272 iiia
427 1225 524 1273 dicebat
538 1227 746 1274 :adnunciamus
767 1232 822 1287 tuo,
836 1227 861 1275 id
879 1227 916 1275 est
926 1226 1099 1288 peregrinetur
1109 1237 1123 1271 n
1134 1235 1252 1284 corpore,
1267 1221 1296 1270 nt

212 1296 367 1356 puemditeoit
377 1293 742 1355 ammoneosedetsynagoga
767 1295 1029 1357 Deondsit3quoniam
1040 1293 1176 1342 comestio
1186 1304 1296 1353 corpore,

213 1363 339 1426 querebat
349 1376 424 1424 quem
438 1363 567 1424 amiserat,
578 1377 622 1412 vos
638 1366 741 1425 querite
767 1367 957 1427 peregrinatura
965 1364 1070 1413 christo.
1081 1362 1185 1410 Undeet
1196 1363 1297 1423 Aposto-

213 1446 344 1496 quemuon
354 1433 597 1494 omittetissedcur,
608 1435 741 1496 Synapopu,
767 1434 805 1481 ino
817 1433 877 1481 dicit
888 1435 1022 1482 :Audemus
1032 1444 1087 1492 erpo
1102 1433 1125 1479 et
1142 1434 1296 1481 momentu

213 1503 276 1552 dicis
292 1518 361 1565 poem
378 1505 462 1561 diioui,
479 1504 506 1550 et
521 1516 570 1550 non
587 1504 650 1552 dieis
667 1518 741 1565 quem
767 1504 841 1563 mepte
854 1502 999 1563 pereprinort
1016 1502 1043 1548 dc
1059 1512 1169 1561 corpore,
1180 1501 1203 1547 et
1219 1501 1297 1548 edesse

213 1570 305 1632 diligo?
315 1571 372 1619 ideo
388 1583 437 1618 non
453 1572 536 1630 tenes,
546 1571 605 1631 quis
623 1572 741 1621 dilexisse
767 1575 797 1621 ed
807 1574 944 1620 mmmom.
955 1573 986 1618 m
997 1571 1047 1618 ideo
1057 1582 1187 1627 conemur,
1197 1571 1243 1618 rire
1253 1568 1297 1616 ot·

213 1641 240 1688 te
258 1640 320 1688 dicis
331 1653 338 1687 ι
349 1652 393 1688 cur
402 1651 452 1686 non
461 1639 543 1700 potius
552 1639 633 1688 adhuc
643 1640 742 1702 diligis,
766 1644 856 1699 sentes,
865 1641 911 1688 stoc
920 1641 1044 1700 presentes
1056 1639 1147 1698 piucerr
1156 1638 1201 1686 itti.
1212 1639 1297 1687 umnec

214 1709 327 1770 utpossts
337 1705 436 1756 teneret
766 1712 829 1758 euim
845 1710 994 1769 manifestari
1013 1709 1101 1769 oportet
1119 1709 1175 1755 oute
1194 1707 1296 1756 trudendi

244 1778 284 1826 ti.
304 1779 397 1825 Verum
422 1777 492 1825 iiiam
512 1779 664 1827 omittemus.
687 1780 741 1840 i'u,
767 1778 868 1836 circuti,
883 1778 1020 1837 utreportct
1035 1777 1191 1837 unusquisque
1199 1777 1296 1837 propriu

214 1845 299 1906 virgo,
315 1859 370 1894 cum
389 1847 495 1907 coeperis
511 1861 641 1908 querere,
657 1849 741 1907 adest,
766 1849 886 1908 corporis,
905 1846 1063 1904 sicutpessit,
1074 1847 1120 1892 stoc
1132 1844 1233 1902 meum,
1250 1847 1296 1893 sim

214 1926 296 1975 neque
311 1914 380 1962 enim
393 1914 448 1961 fleri
462 1915 544 1974 potest
560 1918 588 1963 ut
598 1916 663 1965 desit
675 1931 742 1977 quu-
766 1912 1004 1973 momumento
1012 1924 1110 1960 causum
1119 1913 1296 1974 probavitque

213 1984 327 2032 rentibus
340 1996 382 2042 so,
396 1983 439 2044 qui
455 1984 535 2043 palem
551 1984 630 2033 iectus
639 1987 678 2033 est
693 1997 743 2032 non
767 1997 856 2045 corpus
868 1982 994 2043 resurget!
1005 1982 1106 2042 Oportet
1117 1981 1186 2029 enim
1197 1994 1296 2030 curnem

214 2053 397 2112 querentibus,
415 2053 441 2099 et
458 2053 574 2101 inventus
590 2055 628 2100 eet
643 2066 692 2100 non
703 2054 743 2101 in·
767 2064 911 2111 resumere,
928 2064 982 2112 qum
998 2049 1222 2097 remunerationem
1240 2062 1296 2097 suo-

214 2121 407 2179 terrouuntibus.
416 2121 481 2168 Dum
498 2122 587 2168 unctes
597 2123 623 2168 et
638 2123 742 2183 sopitus,
767 2135 821 2171 rum
833 2122 871 2169 est
882 2120 1001 2180 adeptum
1012 2118 1150 2178 gestorum,
1165 2119 1195 2166 ut
1204 2132 1259 2179 qum
1268 2119 1295 2167 tn

214 2189 305 2250 presto
322 2191 368 2236 est.
379 2189 452 2236 Disce
465 2190 613 2249 interrupere
632 2204 687 2238 eum
700 2204 744 2240 vo-
768 2201 868 2252 corporo
888 2187 1020 2249 gessimus,
1035 2186 1062 2234 in
1074 2198 1177 2247 corpore
1191 2187 1296 2248 reeipie-

152 2299 166 2321 χ
213 2257 743 2319 nerit,ubiposcet,utrimnrreet3sicutiiio
768 2272 831 2307 mus.

214 2323 332 2373 dicebat:
347 2325 743 2386 uoipooomdimmesmmet·
798 2329 838 2377 60.
850 2328 910 2376 voit
927 2327 1003 2388 igitur
1023 2338 1051 2374 se
1069 2327 1190 2375 Dominus
1207 2326 1296 2387 sepius

215 2391 360 2442 dionossibi
380 2393 446 2440 enim
463 2393 572 2442 christus
585 2396 683 2455 manet,
696 2396 743 2442 nisi
767 2397 844 2458 queri
861 2410 869 2443 s
886 2396 1003 2456 discedit,
1017 2397 1110 2454 currit,
1120 2395 1150 2442 nt
1167 2397 1297 2444 resuscitet

216 2461 262 2510 uiri
275 2461 378 2520 iustitie
389 2462 505 2511 meridies
519 2462 605 2522 fuiget.
617 2463 693 2524 idque
705 2476 744 2512 sa-
768 2466 884 2525 grntiom,
895 2477 968 2525 quum
977 2465 1032 2511 vult
1042 2476 1056 2510 e
1068 2464 1093 2511 te
1104 2464 1180 2512 etiam
1189 2464 1214 2511 in
1223 2464 1249 2512 te
1257 2478 1297 2514 re-

215 2530 744 2593 crutaescripturosdoceturtestimonio,qum
769 2532 1297 2592 suscitari,sicotiaoemosadiimotueum

215 2598 277 2647 dicit
286 2611 293 2644 ε
302 2601 331 2648 io
340 2601 387 2646 sote
395 2602 471 2659 pondi
480 2601 656 2648 tabernaculum
665 2615 742 2649 soom.
768 2603 903 2662 scriptum:
915 2605 1015 2662 Propter
1025 2615 1096 2662 quom
1107 2605 1297 2651 comomudmo-

215 2667 285 2715 Unde
296 2667 322 2713 et
331 2667 391 2713 aiibi
403 2667 469 2715 idem
484 2667 545 2714 dicit
555 2669 675 2727 Propheta
693 2682 700 2713 ε
715 2673 744 2717 iu
768 2686 811 2720 oco
822 2676 851 2731 tc,
863 2675 890 2719 ut
899 2673 1018 2719 resuscites
1027 2673 1128 2731 oratiam
1139 2674 1193 2730 Dei,
1201 2685 1254 2733 pum
1264 2675 1297 2722 cst

215 2736 303 2785 iumine
314 2738 353 2783 tuo
364 2735 490 2782 videbimus
501 2736 587 2784 tumeo.
599 2737 693 2783 Lumen
704 2739 743 2784 Fi·
768 2743 793 2787 iu
804 2744 875 2801 tepor
882 2741 1048 2800 impositionem
1059 2753 1174 2787 munuum
1179 2755 1296 2791 meomm.

215 2801 265 2850 iius
275 2803 326 2861 ost,
337 2802 421 2852 lumen
437 2803 461 2848 et
471 2803 542 2849 Pater
555 2803 597 2862 qui
609 2803 707 2852 videtur
717 2807 743 2853 in
768 2811 827 2868 Qnae
838 2812 920 2857 eutem
936 2809 1117 2857 resuscitaverit
1132 2811 1249 2870 pretinm,
1264 2811 1297 2864 sit

215 2869 293 2929 Filios
309 2869 423 2929 quonium
440 2870 517 2917 Filius
537 2872 645 2943 spieudor
664 2875 744 2933 ptorioe
768 2878 894 2925 vulnerate
917 2877 1039 2937 enitatis,
1059 2879 1123 2925 sicut
1143 2879 1186 2925 iiia
1205 2879 1296 2927 dinits

215 2938 305 2994 Puro,
316 2939 337 2984 et
348 2938 425 2995 imooo
434 2936 569 2984 messarim
580 2938 630 2996 ejus
640 2943 682 2988 ²⁸¹·
769 2948 829 3008 QW'o
839 2948 963 2994 outoeroto
973 2948 1078 2994 caritatis
1087 2960 1128 3006 epo
1135 2961 1187 2994 sum
1197 2963 1205 2994 τ
1215 2951 1237 2996 si
1245 2963 1297 2998 sus·

246 3004 286 3052 58.
299 3003 346 3051 Sed
364 3003 439 3051 etium
454 3005 531 3052 intuo
543 3006 650 3066 iumine,
661 3010 743 3070 virgo,
768 3016 920 3062 etiamr-iiiut
930 3016 1224 3063 cocituomitisceritoiem.
1233 3017 1296 3075 Quid

216 3073 339 3122 Christum
358 3073 473 3133 requiro,
489 3073 600 3122 inbonis
616 3077 744 3135 cogitatio.
768 3082 834 3130 istud
850 3083 894 3142 sit,
905 3084 1040 3142 poterimus
1056 3083 1208 3144 intelligere,
1220 3087 1241 3132 si
1256 3099 1297 3134 re·

215 3143 304 3202 nibus,
314 3141 341 3190 in
351 3142 422 3190 bonis
432 3144 560 3204 operibus,
575 3158 630 3204 quae
646 3147 744 3195 incoant
767 3152 880 3210 petemus
887 3151 945 3209 quia
955 3151 1042 3208 sagitte
1049 3150 1086 3196 est
1093 3152 1296 3215 Dominusiesus,

215 3224 297 3261 coram
305 3212 376 3260 Patre
385 3212 428 3260 tuo
438 3211 480 3272 qui
491 3213 517 3259 in
527 3213 742 3274 coeliseot.Qn.ore
768 3219 807 3266 cui
817 3218 877 3264 dicit
891 3220 962 3266 Peter
973 3233 979 3264 r
990 3221 1062 3267 Posui
1072 3223 1093 3267 te
1110 3221 1169 3268 usui
1186 3226 1297 3283 ropittom

215 3282 243 3330 in
263 3281 389 3341 noctibus,
409 3294 491 3342 quere
509 3282 535 3329 in
554 3284 667 3331 cubiculo
686 3288 741 3344 tuo;
767 3289 870 3336 circium.
882 3289 911 3334 nt
927 3288 984 3347 quia
1001 3288 1053 3347 ipse
1073 3289 1111 3335 est
1122 3289 1228 3349 coritas,
1239 3295 1296 3340 sunt

215 3351 331 3412 qnoniam
347 3353 374 3398 et
390 3352 462 3397 nocte
473 3352 557 3411 venit,
572 3354 597 3400 et
616 3355 698 3415 puisat
712 3355 742 3402 ud
767 3356 851 3416 utique
860 3355 941 3413 incute
953 3355 1070 3414 cantetis,
1082 3357 1172 3416 quinne
1182 3358 1297 3406 vulneret

214 3419 315 3478 inunum
333 3421 410 3466 tuom.
423 3420 482 3466 Vult
499 3421 566 3468 enim
586 3424 612 3471 te
630 3424 743 3473 omnibus
767 3438 820 3473 sese
843 3426 988 3484 querentes.
1009 3424 1121 3484 Denique
1143 3426 1169 3473 et
1191 3427 1296 3487 altipeta

216 3484 346 3544 turipiiure
363 3489 505 3549 momentis,
515 3491 570 3539 voit
578 3491 678 3550 ienuam
694 3495 743 3540 tuoe
767 3494 872 3541 vinculis
886 3495 965 3553 ipsum
985 3495 1134 3554 sequuntur-3
1155 3494 1213 3555 quia
1235 3508 1296 3555 quos

215 3553 306 3600 mentis
320 3555 445 3613 patentem
465 3558 586 3607 iuvenire.
598 3560 640 3607 Est
660 3561 686 3607 et
700 3560 743 3607 iiia
767 3563 895 3622 vulnerat,
910 3562 979 3622 liget.
996 3563 1057 3621 Erue
1075 3565 1132 3610 sunt
1149 3564 1225 3611 etium
1240 3565 1296 3612 vin·

213 3618 291 3678 tenue
302 3634 376 3681 quem
386 3624 441 3671 vuit
455 3627 555 3686 putero,
567 3628 595 3674 ut
604 3627 742 3689 operietur,
767 3631 822 3678 euin
831 3631 952 3688 caritatis,
961 3632 1295 3692 quibusiipntusesti‘uuim,

216 3688 243 3737 ct
263 3691 361 3739 resonet
379 3703 406 3738 oe
422 3694 492 3741 tuum
512 3695 613 3742 laudem
626 3694 741 3756 Domini,
766 3699 810 3760 qui
821 3700 855 3745 eit
866 3713 873 3744 ε
886 3701 975 3748 Peisius
985 3703 1076 3749 uinctus
1089 3700 1249 3749 resuscitem.

215 3757 318 3818 pretium
332 3759 432 3819 sponsi,
449 3763 529 3811 crucis
543 3765 740 3821 contessionem:
797 3767 1035 3815 tii.Vuineraautem
1044 3770 1214 3818 caritatisesse
1225 3770 1297 3818 docet

214 3838 274 3875 cum
291 3830 428 3889 symbolum
447 3845 573 3894 mcenses,
591 3836 696 3894 psalmos
716 3836 742 3882 in
766 3836 872 3896 demque
882 3838 1190 3897 nemoempliuscnristum
1197 3839 1296 3900 ditexit,

214 3894 566 3959 cunicoiotuoconeinisurgo
574 3905 742 3964 cumvenerit,
766 3906 808 3965 qui
817 3905 934 3965 ditigebat
945 3906 1020 3953 etiem
1031 3907 1057 3953 in
1068 3908 1147 3967 ipsius
1159 3908 1197 3954 sui
1210 3921 1296 3968 corpo·

216 3960 360 4022 vigilantem
377 3966 402 4011 te
416 3965 542 4023 inveniat,
558 3969 586 4013 ut
604 3971 688 4026 paratu
699 3971 740 4020 sis.
766 3975 800 4020 ris
817 3974 976 4022 cruciatibus.
988 3976 1056 4022 Unde
1072 3975 1170 4024 dicebat
1182 3991 1188 4022 =
1199 3980 1295 4038 sopittu

215 4030 324 4079 Dormiat
338 4044 394 4080 coro
409 4034 468 4094 tuo,
483 4036 570 4094 vigilet
586 4036 647 4084 tides
662 4051 670 4084 s
686 4039 742 4087 dor·
766 4045 844 4090 eutem
854 4045 952 4091 Domini
961 4046 987 4091 io
996 4057 1048 4092 meo
1058 4057 1153 4105 corpore
1162 4049 1296 4106 sosima-

215 4097 294 4150 mtant
303 4097 426 4148 itieeeirre
438 4103 559 4162 eorporis,
570 4104 742 4163 riuiieteordis
765 4122 819 4157 rum
829 4109 899 4173 {uror
907 4111 977 4162 edidit
987 4115 1124 4174 mammem
1138 4125 1229 4175 mesum
1241 4126 1294 4163 cure
