2632 4784
347 340 592 390 EPISTULARUM
609 348 738 393 cnissis
753 350 787 392 li.
972 361 974 364 ·
1067 345 1111 396 401

31 420 559 483 Euangeliouexemptoadcbristnmreterre
585 429 699 489 tellissens
717 442 777 478 rere
797 428 922 478 inimicam
943 430 991 479 eibi
1014 442 1113 479 carnem

32 502 81 536 non
87 489 266 550 dubitaverim,
274 494 333 551 quia
343 494 395 555 ipse
404 494 484 541 dixti:
496 497 560 543 iuno
585 494 707 556 existere,
715 496 751 544 ait
760 496 792 544 ad
802 508 856 544 eam
868 498 938 545 attoli
944 499 1113 558 nmoudm

26 559 88 617 justi
104 557 224 618 stridebunt
237 561 297 608 sictut
311 564 346 610 sot
361 565 386 609 in
400 575 471 623 nouo
482 564 561 610 Putris
584 557 644 611 miii
651 597 660 622 ,
670 566 766 613 inimico
776 579 843 624 mco,
854 568 910 627 quta
922 568 993 614 recidi
1003 567 1059 615 redd
1073 579 1114 614 rc·

31 631 76 676 sui.
82 627 278 688 comprimentur
286 629 353 677 enim
361 631 485 692 quadriga
492 629 559 690 ejus,
584 646 694 694 aurnum,
705 637 793 696 qutcd
808 638 887 685 edero
898 636 923 684 ia
938 636 1051 695 leuem,
1063 638 1113 685 llo·

30 695 213 743 irrationabiles
221 697 560 760 scilicelimpetusetmotus
584 705 660 750 minus
670 705 810 754 illuminabit
822 719 868 753 met
900 705 905 716 “
1041 734 1043 740 ·
1102 706 1113 739 '·

30 763 102 813 istius
122 764 242 825 corporis3
260 766 386 815 sedabitur
401 767 463 815 illud
474 779 481 812 =
492 769 560 815 i'oria
614 769 653 819 ii.
668 773 828 822 considerans
843 775 918 823 etiam
935 775 1053 824 insultare
1063 774 1111 823 albi
1148 796 1152 801 ·

29 846 128 895 moun,
146 835 209 882 intus
224 836 333 896 limorer‚·
350 834 393 883 sed
408 836 517 896 ubique,
534 835 559 882 ld
584 838 691 899 aliquam
712 842 874 901 potantem,
901 856 957 905 quea
981 842 1113 892 resistebat

31 904 83 961 est,
102 903 168 951 intras
187 902 213 950 et
229 901 302 962 toris,
313 903 480 965 tranquillitas
490 904 557 955 erit:
582 906 644 967 sibi;
655 919 687 956 ne
699 909 826 958 meliorem
837 912 984 972 sequeretur
991 911 1057 960 riam
1067 924 1074 957 r
1085 911 1112 958 et

31 972 57 1019 et
71 982 120 1018 non
137 971 186 1019 erlt
201 971 244 1033 qui
260 973 406 1033 respondeat
424 976 450 1021 et
460 970 559 1044 remei
583 976 736 1039 inequitare,
746 979 811 1039 quod
824 981 915 1029 tradita
926 982 992 1030 esset
1007 980 1034 1028 in
1045 981 1110 1029 inte·

30 1038 558 1103 benovolentuti3quiaobedientiacarnis,
583 1044 657 1093 ritum
670 1047 769 1106 carnis3
789 1048 819 1095 ui
837 1049 941 1098 dirersis
956 1049 1112 1098 adtereretur

27 1109 126 1163 ablato
142 1109 237 1169 pariete
256 1111 382 1170 macerie,
394 1123 450 1159 cum
466 1110 558 1160 inerint
583 1114 668 1173 malis,
679 1117 783 1174 quavel
794 1127 809 1163 a
819 1116 923 1165 Domino
934 1119 1035 1178 propter
1052 1127 1112 1177 peo-

29 1177 134 1239 utraque
143 1189 233 1238 mum,
244 1190 329 1227 omues
347 1179 457 1229 abolebit
465 1179 557 1230 discor·
583 1182 691 1230 catorum
702 1184 849 1232 solutionem
857 1185 1057 1244 decernerentur,
1068 1184 1110 1233 vel

30 1246 93 1295 dias.
207 1310 209 1314 ι
262 1284 264 1289 .
582 1250 708 1313 ablniquo
724 1255 955 1315 propterinrldiam
971 1254 1111 1304 wnrersio-

61 1316 99 1364 rs.
108 1315 133 1364 si
141 1318 280 1378 qnaauiem
288 1317 471 1368 animainiirma
479 1353 486 1379 ,
494 1319 559 1368 sicut
582 1319 633 1379 nis3
646 1322 673 1368 ul
683 1322 714 1368 ad
725 1334 751 1369 ss
762 1323 890 1371 misceret
900 1323 1036 1381 aidictmu,
1047 1322 1110 1370 dicit

29 1387 73 1434 ilie
83 1387 217 1435 secundnm
226 1400 325 1436 earnem
335 1390 424 1448 lsrael,
432 1389 558 1438 titubare·
582 1385 662 1435 adbuc
677 1400 685 1434 ε
697 1391 763 1437 lrom
773 1392 869 1438 Doruini
878 1391 1007 1451 rmtmebor
1015 1390 1058 1450 qui
1069 1390 1110 1439 rel

29 1455 77 1515 rit,
88 1456 113 1503 et
124 1455 155 1502 ab
166 1455 209 1503 illa
223 1457 312 1505 christi
324 1457 426 1506 mutato
441 1469 556 1518 persecu·
582 1454 674 1513 lapsam
695 1456 810 1516 curdus,
832 1458 873 1505 vel
894 1457 940 1504 tibi
963 1458 1109 1517 pulsuum

29 1523 138 1572 tionibus
149 1524 245 1572 turbata
259 1539 286 1574 se
296 1527 476 1587 aliquantulum
487 1539 557 1590 sepa-
581 1522 708 1584 attigendi
715 1525 785 1574 dedit
793 1538 800 1571 ε
808 1528 865 1587 quic
872 1528 973 1587 percuti,
983 1527 1110 1576 sustinebo

29 1592 105 1651 rarii,
124 1593 256 1652 corripitur
271 1596 346 1653 atque
361 1595 472 1654 arguitur
485 1597 556 1655 quasi
582 1591 861 1654 absumorassumor
867 1597 913 1654 ipse
919 1607 1015 1643 courum
1022 1607 1108 1643 mcum

29 1661 117 1719 infida,
132 1661 200 1720 quasi
213 1661 322 1720 ingrata,
333 1663 403 1721 quasi
415 1663 556 1723 incredula,
582 1659 631 1706 ltisi
642 1661 710 1707 enim
720 1661 830 1709 contessa
844 1661 928 1721 tuero,
941 1662 967 1708 et
979 1661 1109 1709 exsolvero

28 1741 83 1788 quae
100 1727 205 1774 liberata
222 1741 236 1775 a
251 1729 400 1777 vanitatibus
416 1730 515 1790 saeculi,
530 1732 556 1777 in
582 1728 661 1784 pretia
671 1729 830 1788 iniquitatum
841 1729 1110 1788 mearum,nonpotero

30 1810 71 1845 eas
88 1796 242 1856 respiciendo
257 1796 376 1845 tesiderit
388 1809 422 1844 :a
443 1811 490 1856 qua
508 1811 556 1847 non
580 1793 717 1850 justificari.
728 1798 880 1843 Cumanism
891 1796 1111 1855 tuerojuslidcata,

30 1877 145 1925 munera,
162 1878 211 1913 nou
229 1866 353 1913 taurorum
371 1865 501 1927 sacrificia3
514 1869 557 1916 red
582 1862 678 1910 salvem
693 1864 803 1924 duplicia
813 1867 912 1923 peccata
925 1878 932 1911 r
944 1868 1031 1913 Educet
1045 1865 1110 1924 jull-

30 1935 198 1984 tantummodo
219 1935 247 1982 ut
269 1934 360 1981 bonurn
381 1938 556 1995 cognosceret,
582 1931 642 1978 dum
656 1945 747 1990 meum,
759 1933 886 1992 deponens
895 1933 1107 1995 indignationem

27 2005 150 2064 justitiam
161 2004 267 2063 iaceret,
285 2004 433 2063 postulatum
449 2006 496 2053 est.
511 2008 556 2053 lle·
581 1999 639 2057 (illis
650 2000 800 2048 satisfactum
819 2002 948 2050 sententia)
963 2004 1008 2050 esi·
1021 2004 1109 2050 nducd
1195 1997 1199 2007 ’

29 2077 163 2123 suentisium
173 2077 205 2123 est
216 2071 224 2135 (
234 2070 331 2134 inquit)
341 2074 383 2120 tibi
389 2105 397 2131 ,
408 2073 477 2121 tomo
485 2106 493 2131 ,
501 2078 557 2134 quid
581 2083 618 2116 ree
628 2071 658 2116 ud
669 2071 756 2126 tumea,
764 2072 1008 2130 andbausjaindau
1016 2072 1074 2130 ejus,
1083 2073 1112 2119 et

29 2145 59 2192 rit
70 2144 170 2200 bouum,
181 2145 222 2190 uui
230 2143 284 2203 quid
295 2144 410 2190 Dominus
420 2146 530 2202 exquirat
541 2159 556 2191 u
582 2139 714 2197 adspiciam
732 2139 921 2198 delectationem
937 2139 999 2197 eius.
1018 2140 1110 2188 Videbit

30 2216 65 2269 tc,
74 2215 121 2259 nist
129 2215 155 2258 ut
167 2213 240 2271 tectos
245 2211 360 2270 judicium
367 2213 389 2257 ct
392 2211 523 2270 justitium,
535 2215 556 2259 et
582 2207 627 2254 boc
636 2208 721 2254 lumen
729 2207 937 2256 reconciliationis
945 2221 1006 2257 meae
1014 2211 1109 2258 inimico

30 2282 112 2339 ditibus
121 2280 300 2327 odacricordiom
307 2310 315 2335 ,
326 2281 348 2325 et
363 2281 461 2338 paratus
477 2281 508 2326 sis
522 2281 557 2326 ire
581 2289 646 2333 meu,
664 2276 755 2336 idest,
767 2276 858 2324 diaboli
874 2278 1003 2338 nequitia3
1020 2282 1042 2326 et
1054 2292 1109 2338 ope-

29 2361 81 2394 curn
95 2350 196 2395 Domitio
210 2350 258 2394 tuo.
270 2345 383 2406 Sedqnin
392 2358 439 2393 non
450 2346 556 2395 servarit
580 2348 655 2393 rietur
671 2347 818 2406 confutans,
835 2360 888 2407 qun
904 2360 966 2394 nunc
977 2350 1032 2396 dicit
1044 2363 1052 2396 a
1065 2349 1109 2397 llil

29 2417 82 2465 lame
93 2417 135 2463 illa
146 2416 264 2463 infirmior
272 2414 351 2462 anima
359 2447 367 2473 ,
376 2414 432 2462 ideo
439 2416 556 2465 Dominus
580 2419 613 2464 est
624 2417 739 2463 Dominus
750 2419 812 2463 Deus
829 2415 901 2463 iuuat
915 2415 1015 2463 Videbit
1030 2416 1056 2463 in
1067 2429 1108 2465 mo

29 2487 64 2534 nit
76 2499 82 2532 ε
95 2489 146 2533 lieu
157 2499 193 2532 mr
203 2516 210 2542 ,
221 2486 277 2544 quia
290 2485 428 2543 [natussum
442 2486 502 2533 sieut
517 2488 557 2545 qui
581 2482 773 2530 misericordiam
792 2483 862 2541 eius,
878 2483 974 2530 videbit
988 2483 1108 2543 pietatem

29 2557 114 2616 collidit
125 2555 234 2614 stipulum
249 2556 273 2600 in
289 2566 373 2609 messe,
389 2555 411 2600 ct
420 2554 479 2600 sicut
489 2569 556 2602 roce-
581 2551 643 2609 ejus.

29 2638 95 2672 suum
111 2626 136 2670 iu
153 2621 286 2670 dodamin?
304 2621 411 2668 budicus
429 2633 486 2680 ergo
504 2622 555 2670 llaec
611 2618 649 2667 ii.
672 2621 701 2668 st
725 2621 783 2669 ideo
806 2632 855 2669 non
879 2620 1008 2669 audianus
1034 2632 1107 2679 eum,

29 2692 163 2752 propbeta,
174 2691 199 2737 in
210 2702 258 2750 quo
268 2690 414 2749 loquebatur
429 2689 510 2749 Deus,
521 2692 555 2740 ail
580 2688 677 2747 quaudo
685 2701 769 2736 sumus
780 2689 807 2736 in
816 2689 1053 2750 adversisniiquibus
1064 2702 1109 2736 sae·

29 2761 59 2808 ud
71 2761 139 2806 illam
149 2760 254 2807 animam
267 2772 274 2805 ε
286 2761 484 2807 lieumeooimnl
495 2765 556 2821 quod
581 2758 644 2817 euli3
657 2771 713 2805 eum
731 2760 774 2805 aut
793 2757 861 2805 dolor
878 2760 987 2818 eorporis
1003 2761 1109 2819 est‚aui

28 2842 76 2877 ooo
84 2829 204 2889 catalenus
212 2830 324 2875 timorisa
335 2830 407 2874 terra.
418 2829 462 2876 vel
472 2830 492 2876 si
502 2829 554 2890 ipse
579 2824 686 2873 liliorum
695 2826 808 2885 amissio,
820 2828 859 2874 vel
870 2829 1014 2875 ceterarum
1024 2839 1109 2875 neces·

28 2898 147 2946 Donrinus
164 2897 242 2957 dicit,
260 2897 388 2944 miseratus
403 2896 499 2946 iuturus
509 2910 553 2959 pro
579 2894 713 2942 situdinum
725 2909 731 2942 :
744 2907 794 2944 non
803 2896 944 2956 aneliamus,
955 2896 1110 2957 inquamdi·
1142 2921 1144 2925 ·

28 2968 135 3028 peccatis
145 2967 265 3026 ultiones,
277 2969 351 3026 atque
361 2978 404 3026 pro
415 2967 504 3017 nostris
515 2980 554 3016 er·
579 2967 695 3013 centem:
709 2966 754 3015 ilbi
770 2969 803 3014 est
821 2969 936 3014 Domitius
956 2969 1019 3015 ileos
1038 2967 1108 3016 tuus?

27 3037 123 3086 roribus
141 3035 309 3095 ingemiscens.
579 3034 646 3081 Tune
664 3035 719 3092 eius
736 3035 886 3082 tentationes
902 3035 1018 3082 cavenda
1034 3037 1106 3092 sunt,

56 3106 96 3153 iti.
112 3104 220 3150 Audiens
235 3104 286 3150 baec
297 3103 390 3161 anima,
406 3105 463 3164 quia
480 3107 555 3152 semi·
579 3114 634 3147 eum
646 3102 728 3159 gravis
738 3102 811 3159 urget
827 3102 912 3158 dolor,
924 3102 981 3148 tune
999 3101 1107 3148 animaru

26 3187 86 3223 num
97 3184 194 3220 snorum
207 3170 300 3217 tructus
309 3182 357 3216 non
373 3171 488 3230 colliget,
498 3174 554 3219 nul·
579 3181 666 3227 egram
679 3171 792 3215 avertere
803 3168 892 3216 studet.

27 3245 96 3302 lum,
112 3251 190 3287 messe
206 3239 308 3294 nraiissa,
323 3238 503 3285 firmamentum
515 3240 555 3287 iu-
609 3235 648 3281 is.
661 3237 722 3294 Ergo
741 3235 839 3296 anima,
851 3249 906 3296 quae
922 3236 993 3282 illurn
1003 3248 1051 3283 non
1063 3249 1108 3284 an-

27 3306 555 3367 renietsui,premetolivam,etunctionem
579 3304 654 3351 dierit
673 3304 832 3351 insidiantem
848 3304 911 3363 sibi,
924 3306 1011 3351 violens
1022 3307 1107 3364 postea

27 3381 118 3430 taetiiim
128 3390 177 3425 non
189 3375 554 3435 babebit,uequebibetvinum
579 3373 701 3420 mirabilia
715 3372 776 3433 Dei,
790 3373 876 3421 videns
892 3386 917 3421 se
930 3374 956 3419 in
967 3373 1045 3433 coelo,
1056 3374 1108 3421 dia·

25 3447 194 3511 jucunditatis.
204 3446 353 3504 cognosceus
364 3442 446 3490 eiiam,
458 3444 484 3490 in
495 3457 554 3504 ope·
579 3443 661 3489 bolum
670 3444 753 3490 autem
762 3443 959 3491 sicutcolubrum
969 3444 1108 3502 reptantem

28 3521 96 3567 ribus
114 3515 195 3564 carnis
214 3514 295 3561 oinnia
319 3514 391 3572 plena
413 3514 552 3573 sanguinis,
579 3513 605 3559 in
623 3512 794 3572 terrestribus,
815 3512 978 3570 gratulabitur
996 3512 1079 3562 diceus
1098 3528 1105 3558 z

27 3592 99 3650 plena
111 3583 357 3642 circumscriptionis,
367 3582 479 3629 fraudum
489 3616 496 3642 ‚
508 3582 554 3629 ial—
579 3583 635 3642 Quis
645 3582 707 3627 bour
715 3582 774 3627 sicut
790 3584 829 3636 tu,
841 3582 948 3639 auterens
960 3585 1055 3641 peccota
1061 3615 1069 3639 ,
1084 3588 1106 3631 et

26 3659 109 3718 lasiae,
121 3657 176 3704 ncta
187 3654 266 3702 oisleia
280 3653 394 3713 pietatis,
410 3654 554 3713 compositas
579 3651 720 3708 transferens
740 3648 884 3708 impietates?
898 3649 944 3707 Qui
968 3663 1017 3697 riou
1037 3651 1105 3699 luisti

26 3727 208 3785 simulationes,
226 3726 251 3771 et
270 3723 382 3770 inimicos
400 3722 447 3769 sibi
471 3734 554 3770 omues
579 3730 672 3765 memor
683 3716 856 3776 indignationis
868 3719 915 3764 luae
927 3732 933 3763 r
946 3720 988 3766 sed
1005 3721 1068 3768 sicut
1079 3722 1104 3767 in

26 3794 107 3859 quiin
115 3794 186 3840 domo
197 3792 377 3852 sunt3ideoquo
388 3790 495 3850 proximi
507 3791 552 3838 sibi
579 3789 639 3834 inari
649 3787 754 3833 mersisti
762 3799 846 3833 omnes
852 3786 996 3846 iniquitates
1003 3788 1104 3847 nostras,

27 3860 134 3921 corporis
144 3863 224 3907 motus
236 3859 370 3918 cavendos,
379 3860 422 3919 qui
434 3860 489 3906 suut
498 3872 553 3917 gra·
578 3857 641 3905 sieut
653 3857 788 3916 AEgypiium
800 3858 969 3918 plumbum,et
980 3859 1064 3905 redisti
1075 3860 1105 3907 ad

27 3944 71 3982 res
86 3929 173 3977 animae
191 3928 554 3987 nostraadversariinonver·
579 3927 770 3975 misericordiam
787 3927 954 3985 voluntarius,
973 3939 1045 3986 quam
1062 3941 1105 3987 ge-

25 4000 103 4055 titur‚
114 3998 140 4043 et
151 3997 181 4044 de
191 3997 244 4045 Ileo
255 4007 351 4058 sperare
365 3996 466 4057 incipit,
482 3998 507 4046 et
515 3997 554 4044 in·
580 3996 645 4043 mino
657 3993 782 4043 contulisti
792 3995 1037 4054 muuere,dimittens
1046 4007 1104 4054 pec·

103 4069 125 4109 d.
996 4062 1022 4106 iti
