2632 4784
122 411 138 466 d
516 421 811 470 shuerrhrrenosit

121 504 288 564 supervestire
305 505 478 565 prohibemur,
493 509 538 555 sed
556 519 650 556 exuero
675 507 1202 568 aperiendum,nestoriusserpathumor.

122 574 207 632 tetus,
224 584 317 621 novum
335 585 450 634 sumere3
467 574 496 624 ut
506 575 650 636 exspoliati,
675 577 784 624 Emnnda
798 588 872 625 omne
887 577 952 638 quod
963 577 1074 625 ioetidum
1083 579 1120 626 est
1131 591 1205 637 perc·

121 639 650 702 nonnudiinveniamnrdimpohammemm
674 644 745 704 prino
759 645 865 694 lavaero.
879 644 968 693 Audite
987 646 1143 705 me,terreni
1159 646 1205 692 ho-

122 708 224 757 metiora
234 709 354 770 sumpturi
362 722 369 756 a
377 709 586 759 nudamurautem
594 724 650 759 cum
675 714 768 774 mines,
779 715 821 777 qui
831 715 938 775 peccatis
948 714 1037 763 vestris
1045 716 1205 775 cogitationes

122 774 293 825 indumentum
304 777 374 825 nobis
384 777 466 829 atiena
473 777 560 827 traude
568 777 651 826 reha-
675 783 755 831 ebrias
764 784 859 844 geritis.
865 785 895 832 Et
903 796 947 842 ego
953 785 1027 831 Levis
1035 784 1126 832 tatibus
1136 797 1204 831 eram

120 841 202 905 uitur,
212 856 262 893 non
277 848 360 895 nostra
370 847 497 895 voluntate
508 846 648 909 deponitur.
674 852 827 911 passionibus
842 853 973 902 sauciatus.
984 854 1071 900 insessi
1080 853 1204 901 medicum

123 925 149 968 V.
157 928 186 967 m.
195 927 220 968 tir
229 938 293 968 memo
304 929 371 968 mittit
381 930 458 968 vinum
467 940 550 969 norum
557 931 581 969 in
591 935 650 970 utres
673 921 716 981 qui
729 923 754 969 iii
765 922 826 971 coelo
837 921 946 980 habitui,
958 925 983 970 et
993 923 1018 969 ln
1029 923 1103 970 terris
1113 922 1205 982 spargit

343 987 428 1025 veteres.
673 991 861 1040 medicamenta.
877 991 924 1040 iiic
940 992 1008 1040 sotus
1022 993 1103 1051 potest
1117 1002 1204 1039 sanare

151 1053 191 1104 ic
212 1057 342 1117 Fragilibus
367 1057 480 1106 humanm
501 1057 649 1107 conditionis
674 1061 777 1107 vulnera
793 1072 864 1120 mea,
878 1059 921 1120 qui
938 1072 983 1108 sua
994 1060 1073 1108 nescit
1084 1072 1092 1106 a
1104 1060 1146 1107 hic
1157 1071 1205 1107 au·

120 1125 244 1186 aperitur,
263 1139 319 1175 cum
336 1139 437 1187 corpora
452 1127 534 1176 nostra
550 1128 649 1176 exuviis
673 1127 738 1176 terre
748 1128 828 1178 cordis
838 1129 960 1189 dolorem,
971 1129 1139 1191 palloremque
1149 1127 1204 1179 ani·

120 1194 292 1245 detunctorum
308 1196 451 1244 animalium
467 1199 646 1257 comparantur.
672 1210 731 1257 mre,
741 1199 785 1259 qui
795 1199 866 1249 norit
876 1200 980 1248 occulta.

119 1266 198 1326 ΜΨ,
215 1266 311 1314 “unam
326 1265 446 1316 mmmm
462 1266 555 1315 'mium
576 1277 647 1313 mum
671 1296 720 1346 cup
737 1299 755 1336 ο.
773 1310 792 1337 v.
810 1301 828 1338 t.
848 1299 939 1339 Factum
955 1301 984 1337 est
995 1301 1068 1337 autern
1081 1297 1104 1335 in
1118 1295 1204 1335 sabbato

119 1334 649 1397 possimustmpiere3utsacrameutumquod
693 1351 882 1402 mmmmm,
897 1363 949 1392 cam
965 1352 1065 1391 iniens
1084 1361 1123 1400 pes
1137 1351 1203 1388 eni.

119 1404 648 1466 accepimus‚reservemuabevatmjurhm
694 1406 1204 1467 nasammonasnmrpuneiuumwman-

119 1473 647 1535 industrh‚sirenovatisutribusnoravtnr
695 1455 1165 1507 ⁶“ffl¹’⁰⁰¹¹“¹⁶”‘“⁸“¹¹¹¹”¹¹''¹⁵⁸¹²¹‘

118 1543 259 1592 credantur.
270 1545 299 1593 Et
309 1543 365 1592 ideo
375 1546 442 1593 utres
452 1543 497 1592 iios
506 1545 648 1606 ptenosser·
701 1544 740 1595 m.
752 1544 802 1594 Nec
819 1545 897 1594 solum
916 1543 1135 1606 comprehensione
1146 1553 1203 1592 ver

119 1624 178 1662 vare
201 1625 300 1674 semper
318 1613 452 1673 debemus3
469 1626 561 1666 vacuos
579 1615 647 1662 enim
671 1613 825 1676 borum,sed
844 1614 919 1662 etiam
929 1626 976 1661 usu
991 1613 1057 1673 ipso,
1068 1611 1202 1671 specieque

118 1682 168 1730 cito
178 1682 276 1730 tineaet
285 1681 504 1744 serupoconsumit,
512 1682 648 1744 pretiosor·
671 1683 794 1743 gestorum
815 1683 904 1743 incipit
929 1682 1054 1730 hominem
1081 1680 1203 1729 Dominus

118 1751 161 1798 rut
171 1750 295 1812 impletos.
670 1750 1202 1810 desuereterisobserratioaelepisexuere,

148 1821 187 1870 27.
210 1821 298 1871 Pulcre
320 1819 405 1870 sutem
422 1820 493 1881 operi
510 1820 572 1870 huic
587 1821 647 1870 talia
671 1827 783 1882 novoque
794 1821 939 1871 indumento
949 1822 1033 1882 antia
1045 1820 1145 1868 restire.
1155 1820 1202 1867 iu·

116 1893 239 1952 precepta
250 1891 524 1942 conveniuntasexium
533 1891 647 1939 estasim
671 1903 787 1950 quaeum
803 1890 854 1950 lam
865 1890 892 1938 in
902 1889 1004 1939 sabbato
1018 1900 1063 1949 per
1079 1887 1202 1935 seminata

116 1970 192 2019 opus,
202 1971 251 2019 quo
262 1958 335 2011 heris
343 1970 406 2006 nore
415 1958 521 2019 quidam
529 1958 647 2020 omniur
670 1959 790 2019 traducit,
808 1960 854 2008 troc
871 1959 921 2019 est,
932 1959 1048 2007 admovet
1059 1957 1200 2005 tructuocis.

116 2026 645 2080 cormasextoautendiehetmesshomos
670 2030 733 2088 Quid
751 2029 798 2077 sihi
814 2030 943 2077 sabbatum
954 2028 1028 2088 velit,
1043 2027 1103 2087 quid
1115 2039 1201 2086 seges,

116 2099 187 2147 serto
205 2097 279 2158 igitur
292 2096 383 2149 Christi
407 2108 483 2157 opere
499 2097 647 2145 reiormatur
669 2098 992 2160 quidspicaenonmediocre
1000 2097 1145 2158 mysterium
1153 2096 1201 2144 est.

114 2165 166 2225 jam
176 2177 226 2214 non
236 2167 324 2225 uetus,
340 2165 385 2214 sod
402 2177 466 2214 nora
478 2167 605 2224 creatura,
620 2165 645 2213 et
670 2170 732 2228 beer
742 2168 808 2218 enim
820 2169 859 2216 est
868 2167 947 2216 omitia
959 2167 1000 2214 hie
1012 2167 1118 2213 mundos
1128 2178 1136 2211 ε
1148 2165 1201 2224 aeri

115 2235 228 2295 quaedam
241 2234 319 2283 torma
331 2234 469 2295 peregrina.
478 2235 508 2282 m
518 2233 574 2281 ideo
585 2235 646 2281 hm
669 2248 738 2295 seges
746 2235 772 2283 in
784 2235 878 2284 satione
887 2234 990 2282 humani
999 2234 1096 2293 generis
1107 2233 1201 2280 [meun-

116 2316 190 2365 quam
201 2315 267 2352 nova
277 2303 388 2352 creatura
397 2303 493 2353 Christo
504 2302 645 2350 eenririum
669 2303 733 2353 ditas
746 2314 876 2352 numerosa
887 2303 1025 2350 sanctorum
1038 2314 1045 2348 ε
1062 2301 1137 2361 spicae
1148 2298 1200 2360 agri

116 2373 220 2422 exhibet
227 2386 235 2434 3
243 2385 275 2421 oo
284 2373 348 2434 quad
356 2373 383 2421 et
389 2372 416 2420 id
424 2371 477 2432 ipro
487 2371 596 2421 cbristus
603 2373 645 2421 de·
669 2373 762 2424 tructus
779 2374 908 2432 Ecclesia),
918 2385 979 2453 euos
989 2373 1106 2432 operibus
1117 2372 1200 2419 diseu-

117 2442 264 2501 tectaretur,
272 2443 297 2489 et
305 2442 358 2502 ipse
367 2442 463 2503 partem
474 2439 645 2494 delectationis
669 2444 759 2492 tientes
765 2444 816 2493 suis
823 2444 925 2502 apostoh
936 2442 1109 2502 pascebantur,
1117 2443 1200 2489 nostro

115 2513 255 2560 inereretur
263 2510 567 2562 habereoumChristo.bd
579 2512 644 2562 huuc
668 2527 695 2561 se
707 2514 801 2562 aientes
816 2511 937 2572 proiectu.

115 2579 193 2641 igitur
212 2580 394 2630 intermandum
409 2580 531 2639 praecepta
542 2579 584 2628 dat
596 2581 644 2628 Do-
697 2582 736 2630 29.
757 2582 841 2629 Stabat
856 2581 933 2640 igitur
942 2592 1011 2641 seges
1020 2580 1071 2638 tam
1085 2579 1200 2627 ioecundn

115 2650 210 2710 miuus3
233 2649 384 2711 sequebatur
404 2649 471 2695 euim
490 2648 541 2706 jam
558 2648 643 2707 taetus,
668 2651 803 2707 virtutum,
814 2649 993 2708 puiluiantibus
1008 2648 1200 2708 spicis‚quibus

114 2717 210 2777 alacer,
221 2720 248 2767 et
258 2718 398 2775 exsuitans,
412 2716 498 2764 dicens
510 2729 517 2762 a
529 2717 582 2763 lam
595 2730 643 2768 non
668 2719 742 2767 nostri
750 2718 1199 2777 iruetusmeriticomparantur;.aequo

116 2787 467 2846 publicanumpero‚1amnou
479 2786 642 2845 portobevin.
667 2788 734 2834 enim
750 2788 793 2833 aut
806 2786 884 2832 imbre
903 2787 1071 2844 marcescunt,
1087 2788 1131 2832 aut
1145 2787 1197 2834 solo

114 2855 177 2903 linui
188 2856 279 2914 Levia,
292 2857 418 2915 postquam
429 2853 552 2900 Christum
563 2854 642 2903 indui.
668 2856 806 2914 torrentur,
820 2855 862 2902 aut
873 2854 964 2913 pluuiis
980 2854 1141 2913 humescunt,
1153 2857 1198 2903 aut

114 2924 160 2972 (hh
178 2937 255 2984 gertus
273 2936 370 2980 meum,
388 2922 457 2981 iugio
472 2922 550 2969 uitam
562 2936 642 2973 meam
668 2924 854 2985 tempestatibus
862 2923 1198 2979 etiduntur‚autamessori-

114 2994 234 3055 priorem:
243 2989 642 3051 sotumtesaquor,l)ominetesu,
667 2994 712 3041 bus
728 2993 792 3040 intra
807 2993 950 3039 horreorum
964 2990 1074 3039 ielicium
1086 2995 1198 3051 recepia-

112 3064 155 3125 qui
172 3075 244 3111 miras
258 3063 360 3109 vuluera
377 3072 442 3107 mea.
454 3059 514 3118 Quis
524 3061 591 3107 enim
602 3072 642 3108 me
666 3064 720 3110 cuia
731 3061 904 3109 reconduntur.
918 3061 1054 3127 Receperat
1064 3073 1121 3118 ergo
1132 3063 1196 3110 terra

113 3133 211 3192 separat
221 3145 235 3179 a
246 3130 348 3180 caritate
367 3129 426 3188 Dei,
444 3141 499 3190 quae
513 3127 539 3175 in
551 3131 575 3178 te
588 3128 643 3177 esti
664 3132 715 3190 jam
727 3132 772 3180 oei
785 3131 900 3190 uerbum,
911 3132 937 3178 et
946 3130 1042 3178 coeiesti
1053 3130 1147 3178 semine
1157 3144 1196 3177 sa-

112 3200 262 3258 'iributatio.
275 3212 306 3248 an
318 3199 443 3259 angustia,
453 3211 484 3245 an
501 3197 591 3247 tameat
601 3198 643 3245 Li·
667 3205 705 3249 tus
716 3202 805 3249 diuites
820 3201 893 3249 imtus
910 3202 1056 3261 spernimus
1068 3201 1194 3248 obsiderat.

112 3273 182 3325 autiss
200 3284 254 3318 sum
275 3269 331 3317 fidei
351 3269 428 3317 charis
443 3269 601 3330 quibusdam,
617 3270 643 3317 et
666 3271 812 3319 Esuriebant
820 3271 935 3331 discipuli
945 3271 1048 3317 salutem
1056 3269 1195 3330 hominum,

113 3339 640 3400 imniccmnpedibnscaritatisinnexussum.
665 3341 690 3385 et
703 3341 827 3399 tamquam
837 3353 852 3387 e
861 3339 976 3386 iotiicuiis
986 3351 1114 3398 corporum
1128 3352 1196 3385 men-

112 3411 190 3457 Omue
200 3409 341 3457 mandatum
350 3407 419 3458 tuum
431 3408 495 3455 sicut
505 3407 640 3455 cauterium
665 3410 728 3456 tium
743 3408 836 3457 tructus
847 3408 877 3456 ad
896 3409 953 3456 tidei
971 3408 1052 3455 iucem
1070 3409 1196 3467 praecharis

113 3480 258 3539 impressum
266 3479 365 3527 tenebo.
376 3478 405 3525 Et
415 3477 436 3524 si
444 3477 494 3524 urit
506 3476 640 3526 cauterium
665 3491 766 3538 operum
773 3492 871 3526 suorum
878 3478 1137 3526 miraculiseruebant.
1147 3478 1195 3524 Sed

113 3548 235 3607 niandaii;
248 3551 331 3596 tamen
343 3546 479 3608 putrefacte
488 3546 568 3594 earnis
579 3558 640 3594 eiu·
666 3547 710 3594 hoo
722 3548 840 3607 putabant
849 3547 926 3595 ludaei
937 3547 1090 3595 sabbaionon
1101 3546 1193 3592 heere:

112 3619 157 3677 rit,
168 3618 239 3666 uead
250 3618 334 3665 vivum
351 3616 434 3676 serpat
444 3615 569 3673 contagio:
583 3617 608 3662 et
619 3616 639 3662 si
664 3616 772 3664 Christus
791 3617 875 3664 sutem
899 3629 968 3664 riuum
984 3616 1070 3676 gratiae
1092 3627 1195 3662 munere

113 3684 207 3735 mordet
223 3685 444 3742 medicamentum,
454 3684 537 3732 umen
551 3681 639 3729 vitium
664 3685 806 3744 designabat
816 3686 892 3734 otium
906 3687 990 3744 Legis,
1001 3697 1062 3743 opus
1072 3684 1166 3743 gratiae.

111 3755 202 3804 ulceris
209 3751 638 3814 totlithuierigitur,Domineiesu‚
693 3758 732 3803 50.
745 3758 793 3803 h'ec
804 3757 856 3804 sine
867 3755 982 3816 mysterio
993 3755 1039 3802 hoc
1047 3755 1195 3813 abEvango-

111 3825 205 3886 potenti
217 3825 335 3872 machaera
347 3826 387 3872 tua
402 3833 513 3869 meorum
528 3820 640 3881 putredi-
664 3825 719 3873 histo
737 3826 871 3873 seeundum
888 3823 1027 3871 iiatthaeum
1046 3826 1072 3871 et
1087 3824 1196 3870 htareum

112 3896 318 3955 nespeccatorum
327 3893 401 3942 :dum
408 3891 638 3952 mehabesligatum
663 3896 762 3951 sabbata
772 3908 834 3956 pure
842 3895 920 3954 posita
931 3894 1002 3952 putem
1011 3892 1128 3952 quoniam
1141 3892 1194 3938 sab·

111 3963 218 4012 cadmus
244 3964 363 4016 vinculis,
388 3974 444 4010 seca
468 3961 639 4022 quodcumque
663 3965 718 4011 bata
729 3967 848 4025 perpetua
857 3964 925 4011 terim
935 3963 993 4010 sunt
1004 3961 1195 4011 resurrectionis

112 4032 226 4080 titiosum
238 4034 283 4080 est.
300 4030 424 4079 Veaicitu
435 4030 546 4079 incidens
556 4033 639 4080 occui-
662 4035 769 4081 aeteriur.
783 4032 825 4080 t'ei
836 4034 861 4079 hi
873 4033 918 4079 hoe
931 4032 1005 4090 igitur
1014 4032 1106 4078 saecuto
1120 4032 1195 4077 teria·

111 4104 148 4160 tus
165 4104 191 4152 ct
208 4104 327 4164 intentes,
345 4099 473 4166 variasque
492 4103 635 4165 passiones:
663 4100 1208 4164 iisnevacantibussuperstitionibustudaeo·.
