2632 4784
299 371 343 417 DE
358 372 437 417 sinn
452 368 766 427 nnsunnnctlortts,
782 373 880 420 einen
895 376 928 421 tl.
1117 375 1161 423 tlt

74 451 139 504 biles
149 455 220 502 tubas
238 453 299 503 duas
319 455 424 503 ductiles
436 455 535 516 argento
551 466 608 514 pro-
633 453 701 502 tione
721 458 867 516 vacuatum,
884 458 973 506 Christi
992 457 1084 519 repleri
1103 461 1161 511 luce

74 522 147 584 bato,
163 524 209 571 hoc
220 524 272 583 est,
292 524 399 583 pretioso
418 524 493 571 verbo
509 534 607 581 compo·
632 523 764 572 desideret.
783 526 905 573 Sacrificio
923 539 1019 587 quoque
1038 529 1090 589 ipsa
1109 531 1162 579 Deo

74 594 135 642 sitas
153 596 178 642 et
195 593 306 653 ornatas3
325 593 414 653 quibus
440 606 488 641 non
506 605 606 640 raucum
631 593 730 651 probata
742 596 1160 655 essenonpossunt,uisicootessio

73 661 219 721 increpans,
229 662 335 709 terribili
348 663 429 708 sonitu
445 674 556 709 murmur
566 662 607 709 in·
631 662 696 708 vocis
715 662 838 721 adspiret,
854 677 908 723 quae
926 664 1072 711 sacerdotali
1092 667 1161 712 obla·

74 731 221 790 terstrepat‚
241 729 284 776 sed
311 730 429 777 sublimes
447 730 530 790 gratias
555 731 606 778 Deo
630 731 697 777 tione
708 730 739 777 ad
752 731 926 779 obsecrandam
938 733 984 779 Dei
997 733 1099 792 gratiam
1115 746 1160 794 po·

74 801 190 848 continua
200 799 347 858 iubilatione
360 799 502 846 tundantur.
511 799 605 846 Talium
630 799 700 857 pulos
710 800 820 846 excitare
831 801 968 848 consuerit.

75 869 142 914 enim
154 869 268 917 tubarum
284 868 366 915 sonitu
385 869 474 916 mortui
487 868 605 915 suscitan-
661 868 811 927 stellaque
829 870 906 916 simus
924 870 1095 928 predicatores
1110 873 1161 920 llo·

73 937 128 994 tur,
137 950 185 984 non
197 937 293 997 crepitu
307 937 391 997 utique
401 939 469 996 aris,
478 936 521 985 sed
530 937 605 998 verbo
629 935 704 993 mint,
716 938 741 983 et
752 936 882 984 laudemus
894 950 950 984 eum
965 940 993 985 in
1005 951 1064 986 voce
1077 941 1159 1000 tubae,

73 1002 186 1051 recitatis
204 1004 316 1051 animatl.
328 1005 358 1050 et
370 1003 471 1050 tortasse
483 1003 537 1051 duae
553 1003 605 1051 istae
628 1015 677 1049 non
689 1005 777 1063 exigua
788 1005 819 1052 de
831 1006 923 1053 virtute
933 1006 987 1063 ejus
998 1007 1023 1053 et
1032 1008 1091 1054 vilia
1100 1020 1160 1055 seu·

73 1070 140 1119 tubae
164 1073 234 1131 sunt,
253 1084 298 1131 per
317 1085 377 1131 quas
404 1073 489 1119 diuino
514 1073 604 1131 spiritu
630 1074 732 1134 tientes,
759 1074 803 1121 sed
822 1087 851 1122 ca
876 1088 930 1136 quae
956 1077 1050 1135 possint
1073 1089 1159 1126 aurem

73 1140 162 1186 Paulum
174 1141 297 1200 increpuit
307 1141 392 1188 dicens
403 1155 410 1186 ε
422 1141 501 1189 Orobo
511 1144 603 1201 spiritu,
628 1143 717 1188 mentis
727 1143 847 1203 implere,
859 1143 883 1190 et
894 1144 987 1190 intimae
1000 1145 1159 1193 conscientias

73 1209 146 1256 orabo
157 1213 178 1257 cl
190 1216 264 1258 mente
274 1216 284 1257 .·“
291 1212 392 1270 psallam
402 1213 494 1271 spirito,
505 1213 603 1271 psallam
628 1212 758 1269 penetrare
768 1215 907 1271 secretum3
918 1214 947 1259 ut
958 1225 987 1259 ea
997 1225 1051 1272 quas
1062 1213 1157 1273 corpori

72 1280 94 1324 et
105 1282 193 1340 merrtc‚·
204 1279 309 1325 alterum
322 1279 387 1325 enim
404 1280 458 1325 sinc
474 1280 550 1325 altero
561 1292 603 1326 ne·
628 1281 789 1340 conveniunt,
799 1282 923 1330 divinitati
935 1295 983 1328 non
993 1284 1158 1343 putemusap·

72 1359 194 1406 quaquam
207 1348 306 1395 uidetur
323 1349 491 1395 evocationem
508 1348 602 1396 babere
628 1347 700 1394 tanda
717 1362 781 1396 :nec
798 1351 888 1398 diuinae
906 1351 1101 1410 magnitudinem
1113 1365 1158 1411 po-

72 1416 217 1474 periectam.
628 1418 721 1465 testatis
732 1419 845 1465 burnonis
856 1420 951 1466 uiribus
968 1421 1115 1480 metiamur3
1129 1421 1157 1468 ut

104 1482 157 1528 lit.
169 1484 217 1530 Nec
233 1485 316 1533 tamen
327 1486 437 1533 omnium
449 1483 486 1532 est
497 1485 601 1545 utraque
626 1499 762 1544 quaeramus
776 1486 895 1546 quomodo
909 1487 963 1546 quis
975 1490 1097 1546 resurgat,
1113 1488 1156 1536 aut

70 1550 161 1597 benere
178 1552 249 1611 tuba,
260 1565 306 1599 nec
318 1553 355 1599 est
374 1555 483 1599 omnium
502 1554 602 1599 univer·
626 1555 694 1613 quali
711 1567 812 1615 corpore
832 1555 930 1613 veniat,
942 1557 986 1602 aot
997 1558 1157 1616 quemadmo-

71 1630 122 1665 sam
134 1620 248 1679 colligere
266 1634 411 1680 synagogam
424 1635 431 1666 t
443 1622 485 1669 sed
497 1623 554 1668 solis
565 1635 602 1669 sa·
626 1623 684 1668 dum
696 1624 774 1670 soluta
793 1626 895 1681 coeant,
906 1625 974 1683 lapsa
994 1628 1154 1685 reparentur3

70 1687 223 1748 serdotibus,
232 1690 258 1736 et
269 1690 389 1736 ministris
400 1691 446 1736 Dei
457 1690 601 1737 cauerttibus
626 1691 677 1738 baec
687 1693 752 1739 enim
761 1692 862 1738 arbitrio
871 1692 915 1738 llei
925 1693 999 1738 simul
1008 1695 1155 1741 utstatuun·

71 1755 117 1803 ista
134 1760 292 1821 praerogativa
309 1759 434 1817 detortur3
452 1760 479 1805 ut
490 1760 601 1817 quicum·
625 1762 678 1818 tor,
691 1761 831 1818 implentur.
843 1761 891 1806 ltec
901 1761 1029 1807 sensibilis
1039 1762 1154 1809 tubarum

70 1838 119 1884 quo
127 1825 246 1887 audierit,
257 1822 282 1875 et
291 1830 410 1887 sequutus
420 1840 449 1874 eo
459 1827 548 1884 tuerit,
557 1827 600 1874 ubi
626 1828 781 1886 exspectatur
792 1828 904 1884 auditus,
913 1829 955 1874 sed
968 1827 1101 1875 invisibilis
1112 1844 1154 1890 po·

71 1894 108 1938 est
118 1892 165 1940 Dei
176 1894 251 1953 gloria
258 1927 267 1952 ,
278 1895 342 1941 etad
353 1894 539 1940 tabernaculum
550 1897 600 1940 tes-
625 1896 702 1941 tentia
713 1894 900 1953 magnificentiae
910 1896 1017 1942 coelestis
1025 1899 1154 1958 operator;

70 1959 168 2005 timonii
187 1962 333 2019 praematura
351 1961 489 2007 intentione
509 1972 599 2006 conve·
625 1965 679 2010 liro
698 1975 765 2010 sums
784 1965 849 2011 velle
869 1976 912 2022 pro
936 1963 1000 2011 tacto
1020 1968 1057 2013 est
1079 1978 1086 2011 e
1106 1979 1154 2014 nee

70 2027 136 2073 uerit
147 2039 153 2071 τ
166 2029 191 2075 et
201 2039 275 2087 opera
287 2028 362 2086 possit
378 2028 488 2087 spectare
501 2026 599 2085 divina,
624 2034 810 2080 resurrectionis
828 2034 991 2092 requirendus
1009 2034 1091 2093 nisus,
1109 2036 1153 2083 sed

70 2095 96 2141 et
107 2095 245 2155 legitimum
264 2096 325 2142 illud
337 2097 505 2152 aeternumque
522 2095 599 2141 domi·
624 2102 717 2147 tructus
727 2100 797 2146 nobis
807 2099 844 2144 est
854 2100 1017 2158 expetendus.
1028 2102 1087 2158 Qua·
1096 2115 1153 2161 pro·

69 2162 155 2209 cilium
175 2163 201 2209 in
219 2175 268 2211 suae
279 2163 430 2222 posteritatis
440 2163 530 2208 seriem
541 2175 598 2221 pro·
623 2168 711 2215 clivius
723 2166 902 2223 celebrabitur,
915 2167 936 2213 si
947 2167 1071 2214 exinaniti
1085 2170 1151 2217 vitiis

68 2229 167 2276 mereri.
180 2230 248 2276 Tunc
267 2229 334 2276 enim
352 2228 597 2285 bellummontem,
622 2235 803 2294 plenitudinem
822 2233 940 2292 spiritalis
964 2235 1075 2293 mysterii
1093 2247 1152 2284 eoa·

69 2299 145 2346 hostis
158 2300 268 2360 lugatur3
281 2299 377 2359 quando
397 2297 502 2358 Spiritus
520 2299 597 2356 gratia
622 2314 768 2361 sequamur,
786 2302 938 2360 gratiamque
960 2304 1077 2349 renovata
1095 2315 1152 2350 earo

69 2367 188 2426 concinit,
201 2370 226 2414 et
236 2368 326 2413 mentis
337 2366 465 2412 industria.
622 2370 702 2415 sumat
711 2380 725 2414 a
734 2369 834 2428 spiritu,
845 2368 869 2414 et
880 2367 999 2426 fulgorem
1009 2368 1072 2415 lucis
1082 2369 1152 2416 aeter·

99 2436 151 2482 tls.
171 2436 232 2482 Sunt
244 2438 268 2483 et
287 2436 337 2482 illae
351 2436 470 2481 salutares
480 2435 559 2494 tubae,
576 2437 596 2482 si
621 2449 659 2484 na,¹
671 2437 751 2482 aniona
762 2437 911 2482 mutuetura
923 2436 1025 2483 Christo.

68 2502 597 2562 cordecredas,etoreeonlitearis:corde
652 2505 704 2550 tro.
729 2504 777 2551 Sed
803 2516 853 2550 non
880 2505 958 2550 solum
985 2505 1149 2566 singulorum,
1184 2487 1186 2490 Α
1264 2525 1268 2533 ’

67 2574 128 2619 enim
147 2575 249 2619 creditur
267 2573 298 2619 od
313 2573 432 2630 justitiam
440 2583 500 2627 ,ore
518 2576 596 2619 autem
622 2586 706 2621 verum
726 2573 802 2620 etiarn
830 2573 1001 2620 rroiversitatis
1027 2575 1085 2620 sunt
1104 2576 1150 2624 ista

67 2642 178 2700 consessio
193 2642 375 2700 tiledsolulcm.
392 2640 442 2685 llac
462 2639 538 2699 igitur
556 2655 596 2701 ge·
621 2644 745 2701 mysteria.
763 2642 868 2689 Adverte
889 2642 955 2688 enirn
974 2642 1045 2699 iuxta
1064 2646 1149 2703 typom

66 2709 133 2755 mina
154 2710 211 2756 tuba
229 2708 260 2756 ad
278 2709 345 2756 illam
364 2706 473 2754 sanctam
491 2709 595 2767 terram,
621 2711 823 2771 Legis‚ordinem
832 2711 926 2769 gratia.
937 2712 995 2756 Cum
1005 2712 1062 2758 tuba
1071 2713 1149 2770 prima

66 2778 254 2826 resurrectionis
265 2779 361 2826 scilicet
372 2777 489 2838 gratiam,
506 2789 596 2837 perve-
620 2781 752 2837 cecinerit,
771 2781 902 2828 orientales
920 2782 1062 2839 congregat,
1079 2781 1149 2840 quasi

66 2847 149 2906 nitur;
162 2848 187 2894 et
196 2848 251 2895 ideo
268 2861 364 2907 semper
383 2846 429 2893 tibi
449 2847 594 2908 concinant,
619 2853 754 2911 praecipuos
773 2852 798 2896 et
817 2852 908 2897 eleetos
925 2864 931 2895 r
951 2863 1007 2897 cum
1028 2850 1148 2910 secunda,

65 2918 95 2964 ut
104 2928 201 2978 semper
210 2919 296 2967 audias
311 2918 356 2965 Dei
374 2929 460 2965 uocem
479 2930 595 2978 :semper
619 2932 735 2980 suppares
752 2919 859 2977 meritis,
875 2918 917 2979 qui
932 2918 1066 2965 seeundum
1078 2919 1149 2967 Liba·
1194 2924 1197 2930 ’

65 2987 90 3034 te
102 2988 248 3047 Angelorum
260 2988 485 3047 prophetarumque
497 2990 595 3035 oracula
619 3001 676 3036 num
689 2989 743 3047 siti,
755 2988 932 3048 dereliquerint
950 2988 1056 3035 ludibria
1069 2989 1149 3036 natio·

65 3056 176 3103 excitent
187 3057 259 3116 atque
277 3058 460 3116 commoveant,
471 3054 501 3101 ut
511 3057 541 3104 ad
552 3070 595 3104 su·
620 3071 677 3104 num
693 3072 699 3102 :
711 3070 766 3104 eum
783 3058 870 3113 tertia,
882 3069 923 3102 eos
935 3057 977 3114 qui
990 3057 1112 3115 tamquam
1123 3056 1149 3103 in

65 3123 162 3183 periore
173 3123 282 3172 festines.
619 3127 679 3170 mari
696 3126 812 3183 exagitati
833 3126 903 3170 istius
920 3124 981 3170 treto
997 3125 1149 3182 mundi,sas-

98 3190 149 3237 rto.
162 3193 228 3241 lianc
240 3194 404 3241 intentionem
422 3194 501 3241 David
512 3207 594 3242 versa-
619 3194 666 3240 culi
678 3194 751 3248 hujus
764 3192 878 3236 fluetibus
888 3191 1060 3237 vacillaverint
1073 3205 1079 3236 a
1092 3206 1148 3239 cura

64 3258 107 3306 bat
118 3259 143 3306 in
156 3263 268 3320 pectore,
280 3276 335 3310 curn
347 3263 444 3309 dicebat
457 3276 463 3308 :
477 3265 594 3322 Quoniam
619 3264 717 3321 quarta,
727 3261 781 3306 illos
793 3261 835 3318 qui
847 3259 964 3305 duritiam
973 3259 1095 3305 ruentium
1104 3273 1149 3308 ne·

64 3331 167 3377 transibo
175 3334 198 3377 in
206 3332 279 3378 locam
288 3332 433 3378 tabernaculi
440 3331 593 3388 admirabilis,
618 3341 738 3388 quaquam
751 3328 809 3374 satis
828 3326 954 3387 potuerint
965 3326 1056 3385 eloquii
1074 3328 1149 3385 spiri-

62 3408 133 3459 tuque
145 3402 175 3447 cd
185 3402 279 3447 minum
290 3401 594 3460 Dci5in1·occrrsaltotto·
618 3398 674 3443 talis
691 3395 786 3443 mollire
798 3397 936 3455 pracept03
949 3396 974 3441 ct
991 3394 1047 3440 ideo
1058 3406 1148 3441 secun·

62 3471 99 3516 nis
116 3472 137 3516 et
153 3471 315 3530 consessionis,
327 3483 396 3519 soccus
408 3471 531 3530 epulantis.
542 3471 593 3515 lton
617 3467 674 3513 dum
686 3466 784 3512 boream
801 3465 879 3512 uocati
891 3464 961 3521 sunt,
978 3463 1064 3509 boreas
1080 3464 1147 3510 enirn

62 3536 128 3585 enim
137 3538 182 3585 soli
194 3539 277 3586 hostes
287 3539 373 3585 barum
384 3539 500 3586 tubarum
511 3537 592 3584 sonitu
618 3533 749 3581 secundum
759 3534 911 3579 Salomonem
920 3530 995 3578 durus
1003 3532 1041 3578 est
1049 3526 1146 3580 relatus.

61 3606 263 3654 vincunturrsed
273 3608 299 3654 et
306 3607 497 3664 delectationes,
506 3608 531 3653 et
539 3606 592 3652 dies
648 3602 700 3647 ill.
713 3602 796 3660 ltaque
817 3601 876 3647 lieet
887 3601 912 3645 iu
924 3599 1048 3646 momento
1065 3611 1148 3647 resus-

61 3672 132 3734 testi,
145 3675 171 3721 et
189 3675 327 3721 neomenias
346 3673 397 3721 sine
414 3674 454 3721 bis
472 3686 525 3721 esse
544 3686 592 3719 non
617 3671 724 3718 citenlur
740 3682 838 3727 omnes,
850 3681 934 3715 omnes
952 3671 1034 3716 tamen
1046 3668 1147 3716 merito·

60 3743 171 3802 possunt.
183 3744 260 3791 b‘emo
278 3743 344 3791 enim
361 3744 442 3803 potest
453 3743 500 3790 nisi
513 3742 590 3790 divini
616 3752 669 3786 rurn
681 3738 769 3785 ordine
789 3737 946 3785 suscitantur.
959 3739 987 3783 Et
1000 3738 1054 3785 ideo
1070 3737 1144 3795 primi

61 3810 158 3859 hauriat
168 3813 286 3872 promissa
296 3813 428 3872 sermonis,
438 3813 463 3859 et
473 3814 591 3859 resultan-
616 3811 758 3871 resurgunt,
778 3809 818 3868 qui
840 3809 935 3853 maturo
952 3808 1089 3854 devotionis
1107 3819 1147 3852 oe·

60 3881 589 3941 tibuscredatoraculis‚exsultarelaetitia,
615 3893 701 3938 cursu,
733 3882 757 3926 et
784 3878 889 3938 quodam
915 3877 1062 3923 antelucano
1088 3876 1145 3922 fidet

60 3948 113 3996 dies
121 3950 195 3998 festos
204 3950 247 3997 aul
257 3951 398 3998 neomenias
406 3950 590 4010 agere,quibus
615 3951 701 3996 exortu
720 3947 881 4008 prodeuntes,
898 3944 956 3993 solis
967 3944 1052 3992 aeterni
1066 3943 1146 3990 radios

60 4031 86 4067 sc
99 4019 218 4080 corporali
230 4018 474 4079 gratia,etsaeculari
487 4031 589 4079 occupa·
615 4019 769 4077 receperunt.
789 4015 859 4074 Quod
885 4016 924 4063 vel
944 4015 974 4062 de
999 4012 1146 4072 patriarchis
