2632 4784
434 368 677 418 ternionibus!
690 370 829 417 enisus
843 372 861 417 l.
1149 361 1193 414 581

115 432 211 494 diderat
231 446 385 508 slrpaiaron
400 448 585 512 liernit3atqne
607 450 643 498 ito
668 447 1197 510 tust,nunernltuexcandescit,nunepal·

116 511 194 560 divini
203 513 291 573 iudicii
301 528 392 565 munus
400 518 559 578 spectandum
570 520 595 566 in
604 530 643 567 sa-
667 519 718 566 lore
727 519 884 580 immutatur,
892 531 937 579 per
945 518 1067 565 momenta
1075 516 1159 567 rarius
1169 514 1196 563 et

116 583 215 631 ccrdole
235 585 340 645 populus
361 587 483 646 advertit,
499 600 528 636 ac
547 586 643 634 destitit
667 585 788 635 discolor?
807 587 855 635 Sed
875 588 941 646 esto,
955 585 987 633 sit
998 585 1092 632 nature
1108 582 1195 641 irasci,

114 660 200 708 parom
218 652 265 699 sibi
287 654 393 702 bumano
408 650 501 712 judicio
516 655 642 704 vindicare
666 654 710 702 aut
724 656 871 717 plerumque
882 666 975 713 causas3
990 651 1099 701 bominis
1109 651 1146 699 est
1156 651 1196 699 ta·

114 720 282 780 entiam,qui
292 724 350 771 ante
360 735 445 783 parem
463 724 510 772 sibi
523 736 642 784 praeroga·
667 735 724 771 men
740 725 879 784 temperare
895 722 1066 780 iracundiam,
1081 731 1131 768 nou
1144 718 1196 766 leo-

114 786 193 835 tivam
213 792 352 850 competere
377 791 549 840 arbitrabatur.
568 793 641 853 Virga
666 791 931 853 ninoraptariiurore,
944 792 1034 840 utnon
1049 788 1196 836 noritman-

114 857 246 904 autemilla
254 858 313 919 quid
320 858 510 919 aliudostendit,
518 861 566 908 nisi
577 861 643 922 quod
667 873 797 920 suescere,
818 864 938 910 clamores
961 871 1010 908 uon
1028 868 1127 914 serere,
1146 866 1194 903 nec

114 935 248 986 numquam
265 928 422 977 sacerdotalis
439 930 574 977 marcescat
588 941 642 989 gra·
666 930 781 980 acerbare
799 929 920 978 lumiliare
937 929 1059 988 iurgium3
1077 925 1194 985 scriptum

113 991 165 1052 tia,
176 994 202 1040 et
212 993 238 1040 in
250 1007 345 1042 summa
356 995 496 1044 bumilitate
509 997 598 1044 babeat
616 997 642 1044 in
666 999 704 1046 est
721 1000 788 1047 enim
806 1012 813 1046 s
831 1000 876 1049 Vir
885 999 1011 1046 irocsssdas
1028 996 1102 1054 effodit
1115 1006 1195 1054 pecca·

114 1071 159 1107 suo
171 1073 272 1111 munero
289 1064 423 1112 commissas
440 1065 488 1112 sibi
503 1065 589 1114 liorem
599 1077 643 1125 po·
666 1069 723 1115 lem.
746 1068 798 1115 iton
811 1069 849 1116 est
866 1079 931 1115 unus
944 1061 1133 1126 dupiicicdrde,
1144 1071 1195 1108 non

113 1130 222 1190 testatis,
231 1133 272 1181 vel
287 1133 346 1193 quia
361 1133 386 1181 id
397 1147 495 1194 quoque
509 1134 540 1181 ad
550 1137 642 1194 myste·
666 1137 704 1182 cst
713 1148 777 1183 unus
786 1136 828 1197 qni
838 1149 865 1184 se
876 1136 993 1183 cohibere
1006 1132 1086 1181 nescit
1100 1131 1126 1176 in
1142 1129 1193 1176 ira·

113 1199 304 1249 riumreiertnri
311 1203 360 1250 ltec
372 1203 450 1251 otiose
458 1215 535 1263 prope
546 1203 641 1250 exitum
666 1204 769 1264 cundia,
780 1205 811 1253 de
821 1217 869 1265 quo
879 1205 966 1264 pulcre
976 1201 1055 1248 David
1067 1201 1102 1247 ait
1113 1200 1194 1246 :irus-

112 1267 173 1316 ritas
183 1269 261 1318 Aaron
279 1269 412 1318 sacerdotis
427 1271 473 1319 boc
492 1271 583 1319 iactum
594 1284 641 1331 pu·
666 1273 857 1330 circumcinctae
865 1285 968 1332 peccaro
977 1271 1029 1317 iton
1040 1269 1102 1316 iram
1113 1267 1195 1325 impe-

112 1336 202 1384 tamus.
222 1337 347 1385 Declarari
368 1336 468 1385 videtur
486 1338 590 1399 populus
603 1352 642 1387 se·
666 1339 718 1398 rat,
734 1341 777 1388 sed
787 1341 900 1401 indulget
909 1341 1003 1387 naturae
1013 1351 1020 1384 τ
1032 1349 1106 1398 quam
1121 1336 1195 1383 bomo

114 1404 181 1466 nior,
193 1407 350 1455 sacerdotalia
364 1407 479 1466 longave
490 1407 642 1456 infidelitalis
666 1409 801 1466 prevenire
812 1421 861 1456 non
872 1408 966 1469 potest,
977 1406 1091 1466 mitigare
1104 1405 1194 1465 potest.

113 1475 236 1524 vetmtate
246 1476 363 1535 cariosus,
372 1475 438 1536 quod
445 1475 538 1523 ultimis
548 1477 642 1537 tempo-
667 1479 727 1536 Ergo
738 1479 785 1526 etsi
794 1477 935 1536 irascimur,
943 1477 1045 1525 allectus
1053 1476 1136 1523 noster
1141 1484 1195 1520 mo·

113 1541 183 1592 ribus
192 1545 329 1593 imitatione
336 1545 451 1594 Ecclesia
459 1544 605 1595 relormalus
615 1548 642 1594 ln
667 1546 719 1593 lum
733 1545 836 1606 recipiat
850 1545 985 1594 secundum
999 1545 1127 1601 naturam,
1144 1553 1194 1589 non

112 1611 196 1659 stude
214 1612 272 1660 ildei
289 1612 315 1659 et
334 1612 486 1670 devotionis,
504 1612 642 1660 emortuum
666 1616 792 1673 peccatum
809 1615 899 1674 praeter
913 1616 1034 1662 nalunm.
1052 1613 1112 1671 Quis
1127 1610 1195 1658 enim

112 1681 163 1739 tana
177 1682 213 1729 lot
227 1680 323 1729 seculis
338 1680 450 1732 rediviva
468 1680 546 1740 min
556 1680 642 1730 liorem
667 1681 769 1741 ierat,si
778 1682 830 1740 ipse
841 1683 1011 1741 segubernars
1022 1679 1195 1740 nequeat,qnl

115 1748 233 1797 remittat.
666 1749 727 1795 alios
737 1749 905 1807 gubernandos
920 1747 1058 1808 receperiti

144 1816 184 1864 bb.
194 1816 258 1876 Quid
265 1818 348 1868 autem
359 1818 423 1868 liiud
431 1818 566 1880 slssnidcst,
577 1820 643 1880 quod
697 1814 736 1861 6¹-
747 1814 853 1874 ideoque
861 1816 989 1874 Apostolus
999 1814 1101 1861 bimam
1111 1811 1196 1874 dedit,

114 1885 170 1947 posi
177 1884 321 1934 deiunctnm
332 1891 409 1936 Aaron
417 1900 466 1936 non
474 1888 588 1935 universo
600 1900 643 1948 po·
666 1882 725 1943 quia
736 1882 761 1929 ei
770 1881 912 1942 episcopum
922 1894 975 1930 esso
983 1882 1078 1942 oportet
1089 1881 1196 1940 irrepre-

115 1954 188 2015 pulo,
199 1954 242 2002 sed
253 1955 299 2003 soli
310 1957 385 2017 iioysl
396 1956 439 2018 qul
449 1957 487 2004 est
497 1956 523 2003 in
531 1956 643 2004 sacerdo·
666 1950 827 2008 bemibilem3
842 1952 868 1998 ot
880 1951 940 1999 alibi
954 1951 990 1998 ait
1003 1962 1011 1996 s
1029 1951 1122 2010 Oportet
1132 1951 1196 1997 enlm

114 2022 182 2072 tibus
195 2024 310 2085 mmini,
324 2024 455 2086 imperarit
464 2026 530 2073 Dens
540 2026 569 2074 ut
582 2036 643 2073 exu-
666 2024 795 2082 episcopum
802 2022 850 2068 sinc
857 2021 953 2068 ortntm
963 2021 1082 2077 sssc,sicst
1093 2019 1137 2066 ilci
1147 2019 1195 2067 dis·

114 2091 164 2141 viis
172 2092 251 2141 Aaron
261 2095 393 2144 sacerdotis
406 2095 484 2143 lilium
492 2094 545 2151 eius
556 2094 643 2147 indue·
665 2094 824 2151 cenidium,
834 2103 880 2137 '²⁰¹⁸
893 2088 1030 2150 ubertim,
1040 2100 1088 2135 '¹⁰³
1099 2089 1196 2134 isam·

114 2161 154 2209 rei
169 2162 321 2224 iileasarum3
337 2163 386 2213 nisi
401 2165 430 2212 ut
445 2174 643 2222 cognosceremus
667 2161 722 2207 dom
727 2188 735 2217 ‚
745 2173 794 2207 sos
801 2160 956 2215 vinolentum,
966 2169 1014 2204 sos
1023 2166 1196 2216 reremaneret,

114 2230 180 2290 qnod
200 2231 312 2280 sacerdos
332 2232 483 2281 sacerdotem
502 2242 642 2279 consecrare
666 2230 796 2290 sostsspis
810 2230 870 2276 locri
879 2221 1196 2288 mpiombamqnomodo

114 2297 217 2359 debeat,
227 2301 253 2347 et
263 2300 316 2362 ipse
326 2314 383 2350 eum
394 2302 498 2350 induere
509 2299 643 2348 vestimen·
667 2298 817 2346 conveniunt
827 2297 873 2345 sibi
884 2293 1046 2357 dispensantis
1056 2291 1196 2340 misericor-

114 2365 158 2424 tis,
169 2365 214 2415 boc
226 2369 263 2416 esi
271 2401 279 2428 ,
288 2369 422 2418 virtutibus
432 2367 642 2417 sacerdotalibus:
667 2367 722 2427 dia,
734 2369 760 2416 et
769 2367 892 2428 cupientis
899 2362 1016 2414 avaritia!

114 2444 144 2480 ac
155 2434 214 2482 tune
228 2436 249 2483 si
267 2436 331 2483 nihil
349 2436 374 2484 ei
391 2435 475 2483 deesse
487 2435 643 2483 indumento-
697 2436 736 2484 62.
748 2438 804 2486 llaec
816 2437 899 2497 posui,
910 2446 966 2495 quae
974 2432 1083 2481 cavenda
1091 2443 1195 2493 accepe-

114 2514 170 2550 rum
185 2504 321 2552 adverterit
330 2504 534 2563 sacerdotalium,
547 2505 574 2552 et
587 2506 643 2564 apte
668 2505 730 2552 rim:
741 2507 861 2554 virtutum
872 2505 954 2552 autom
966 2502 1082 2561 magister
1093 2500 1195 2561 sposto-

114 2570 233 2631 quadrare
249 2573 345 2632 omnia,
363 2572 438 2621 sacris
455 2585 513 2620 eum
528 2571 645 2621 adhibeat
669 2573 706 2621 lus
716 2576 762 2632 est,
769 2573 814 2635 qui
821 2584 877 2620 euna
885 2571 1006 2631 patientia
1014 2567 1196 2629 reuomentes

115 2637 246 2688 allambust
260 2640 446 2700 snpplicatnrns
458 2641 524 2689 enlm
540 2652 586 2701 pro
600 2653 644 2700 po-
668 2641 754 2690 doceat
765 2638 1024 2699 conbadicentes,qui
1034 2639 1103 2686 usias
1112 2637 1196 2684 saeris

115 2706 184 2764 puio,
195 2708 252 2767 eligi
261 2707 395 2766 ansuino,
403 2707 429 2756 et
436 2707 533 2768 probari
544 2707 643 2757 debete
667 2713 744 2758 viram
754 2708 881 2770 praecipiat
889 2719 953 2767 csse,
960 2718 1062 2767 nonque
1070 2704 1196 2753 exsortem

116 2773 296 2835 sacerdotibus3
307 2776 408 2837 nequid
419 2777 464 2836 sit,
476 2775 578 2837 quodie
590 2777 643 2838 ipso
668 2778 784 2827 excludat
792 2773 1195 2837 eonjugiitnambocsupralezem

115 2843 345 2904 gravitmodendat,
353 2845 423 2903 cuius
433 2844 542 2894 oiiieium
552 2847 590 2894 est
599 2859 644 2907 pro
667 2848 783 2908 precepti
790 2846 856 2908 est),
865 2846 908 2895 sed
916 2847 944 2893 ut
951 2845 1074 2905 conjugali
1081 2843 1197 2892 castimo-

114 2909 312 2963 aliorumoiiensa
317 2914 477 2962 intervenire.
485 2915 568 2976 Neque
574 2915 642 2964 enim
667 2918 707 2965 nia
717 2917 799 2966 servet
810 2915 942 2965 ablutionis
955 2928 1004 2964 suae
1014 2913 1117 2975 matiam
1131 2924 1196 2962 :ne-

113 2981 244 3031 madiocris
263 2982 343 3031 sirius
357 2983 514 3032 sacerdotalis
533 2985 585 3042 est,
602 2984 649 3031 cul¹
666 2999 715 3047 qne
723 2987 813 3034 lterum
823 2986 851 3033 ul
860 2985 954 3034 liliosin
964 2983 1102 3034 sacerdotio
1110 2993 1196 3031 creare

114 3052 251 3099 carendum
267 3065 318 3100 non
333 3054 412 3100 solum
430 3064 464 3100 ne
486 3050 643 3111 pravioribus
666 3055 802 3113 apostolica
826 3054 947 3102 invitetur
969 3051 1130 3110 auctoritate3
1151 3051 1197 3098 ba·

113 3117 253 3177 iisciblssit
263 3120 360 3178 atinio,
370 3119 413 3165 sed
423 3131 455 3166 ns
465 3117 574 3165 minimis
587 3119 643 3176 qui·
667 3120 766 3166 bentem
786 3121 853 3168 enirn
864 3120 930 3167 dixit
945 3119 1025 3177 ilios,
1042 3131 1093 3165 non
1103 3116 1196 3167 taciem

115 3186 257 3236 demintsit
265 3187 391 3247 promptus
397 3185 427 3232 ad
435 3183 642 3242 misericordiam,
667 3187 732 3244 iem,
743 3199 824 3246 neque
836 3185 977 3243 conjugium
990 3184 1089 3231 iterare.

114 3254 259 3315 promissum
269 3266 318 3301 non
330 3251 484 3308 remordeat,
496 3250 591 3310 lapsum
603 3261 644 3297 re·
697 3254 737 3302 63.
749 3254 819 3312 Quod
829 3254 885 3301 ideo
901 3264 949 3300 non
965 3249 1127 3311 pretermisi,
1137 3251 1196 3312 quia

114 3322 200 3380 voees,
217 3322 377 3380 compatiatur
388 3317 480 3376 dolori,
498 3317 643 3364 mansuetu-
667 3323 779 3383 plerique
790 3319 1197 3381 temperamentumnniusuro-

115 3390 198 3439 dinem
212 3390 312 3449 teneat,
329 3387 448 3448 pietatem
467 3384 643 3445 diligibilem
667 3390 701 3439 ris
711 3391 792 3439 virum
804 3389 853 3437 dici
864 3390 918 3449 post
928 3388 1075 3447 baptismum
1091 3387 1196 3450 liabitas,

114 3458 219 3520 repellat
230 3459 270 3507 vel
288 3456 409 3516 decoquat
428 3468 435 3501 τ
454 3454 487 3502 sit
500 3452 599 3514 quidam
611 3452 644 3499 li·
667 3471 697 3506 00
711 3459 775 3519 quod
787 3458 906 3518 baptismo
922 3455 1010 3505 vitium
1021 3456 1054 3502 sit
1067 3455 1196 3516 ablutum,
1259 3504 1265 3512 ,

114 3528 173 3576 tuus
188 3525 413 3588 plebisexcitandae
427 3523 458 3571 ad
473 3522 643 3584 devotionem,
667 3537 715 3585 quo
742 3525 900 3573 adserebatur
925 3523 1139 3584 impedimentum.
1166 3525 1197 3573 iit

114 3595 270 3644 mitiiicandaa
280 3594 310 3641 ad
320 3593 536 3652 tranquillitatem.
668 3595 729 3643 vilia
747 3594 848 3654 quidem
866 3595 939 3654 atque
955 3595 1053 3653 peccalo
1067 3592 1196 3641 diluuntur

144 3665 184 3714 60.
196 3667 271 3713 Vetus
281 3662 421 3712 dictumest
431 3673 438 3706 s
450 3660 571 3708 Adsuesce
579 3670 644 3708 unns
668 3662 765 3721 omnia,
776 3664 805 3708 ut
812 3662 833 3709 si
843 3661 899 3721 quis
909 3661 1113 3709 contaminaverit
1123 3673 1196 3708 suum

115 3746 186 3792 esse3
202 3735 231 3782 ut
248 3733 299 3780 vita
314 3733 356 3779 tua
373 3729 504 3791 qnamdam
520 3728 642 3789 picturam
668 3742 755 3791 corpus
766 3728 955 3788 complurimis,
966 3742 1026 3788 quas
1038 3729 1199 3787 nullaeonju-

116 3802 249 3860 exprimat,
258 3800 369 3849 eamdem
377 3810 475 3847 servans
481 3796 644 3855 semperima·
667 3798 702 3856 gii
716 3799 770 3857 lege
781 3796 924 3857 sociaverit,
935 3797 1092 3844 remittantur
1103 3795 1126 3841 ei
1143 3807 1198 3842 orn»

115 3870 196 3930 ginem
207 3883 281 3929 quam
291 3869 423 3929 acceperit.
432 3866 557 3926 Quomodo
563 3868 643 3926 polest
668 3867 709 3913 nia
723 3878 729 3912 ε
742 3866 785 3914 sed
803 3864 914 3924 coniugia
930 3877 978 3912 non
991 3864 1161 3922 resolvuntur,
1173 3864 1197 3911 si

115 3949 177 3984 unus
192 3950 260 3997 csse,
273 3938 316 3998 qni
327 3949 392 3986 nnnc
410 3935 535 3984 iracundia
545 3934 644 3982 iniiam-
668 3934 725 3996 quis
739 3932 884 3992 iteraverit3
902 3932 975 3993 culpa
997 3931 1063 3979 enlm
1086 3932 1198 3992 lavacro,

114 4004 209 4064 matur,
218 4017 282 4055 nuuc
295 4004 464 4068 indignatione
480 4002 549 4067 erari
563 4014 643 4054 exaes·
669 4003 766 4053 nonles
776 4002 879 4054 solrilm
887 4014 895 4051 s
904 4001 972 4052 nulia
980 3999 1046 4052 enim
1057 3999 1128 4064 culpa
1140 4011 1202 4060 com,
