<?xml version="1.0" encoding="UTF-8"?>
<!DOCTYPE html PUBLIC "-//W3C//DTD XHTML 1.0 Transitional//EN"
    "http://www.w3.org/TR/xhtml1/DTD/xhtml1-transitional.dtd">
<html xmlns="http://www.w3.org/1999/xhtml" xml:lang="en" lang="en">
 <head>
  <title>
</title>
<meta http-equiv="Content-Type" content="text/html;charset=utf-8" />
  <meta name='ocr-system' content='tesseract 3.04.00' />
  <meta name='ocr-capabilities' content='ocr_page ocr_carea ocr_par ocr_line ocrx_word'/>
</head>
<body>
  <div class='ocr_page' id='page_1' title='image "./sanctiambrosiim00ambrgoog_0766.png"; bbox 0 0 2632 4784; ppageno 0'>
   <div class='ocr_carea' id='block_1_1' title="bbox 388 564 823 619">
    <p class='ocr_par' dir='ltr' id='par_1_1' title="bbox 388 564 823 619">
     <span class='ocr_line' id='line_1_1' title="bbox 388 564 823 619; baseline -0.007 -1"><span class='ocrx_word' id='word_1_1' title='bbox 388 564 634 618; x_wconf 73' lang='lat' dir='ltr'><strong>EPISTULARUM</strong></span> <span class='ocrx_word' id='word_1_2' title='bbox 652 570 790 619; x_wconf 75' lang='lat' dir='ltr'><strong>cnissis</strong></span> <span class='ocrx_word' id='word_1_3' title='bbox 805 570 823 616; x_wconf 76' lang='lat' dir='ltr'><strong>i,</strong></span> 
     </span>
    </p>
   </div>
   <div class='ocr_carea' id='block_1_2' title="bbox 52 652 1161 4333">
    <p class='ocr_par' dir='ltr' id='par_1_2' title="bbox 52 652 1161 4333">
     <span class='ocr_line' id='line_1_2' title="bbox 65 652 1154 719; baseline -0.003 -11"><span class='ocrx_word' id='word_1_4' title='bbox 65 654 170 719; x_wconf 87' lang='lat' dir='ltr'><strong>apostoli</strong></span> <span class='ocrx_word' id='word_1_5' title='bbox 180 652 250 704; x_wconf 79' lang='lat' dir='ltr'><strong>Penii</strong></span> <span class='ocrx_word' id='word_1_6' title='bbox 262 653 364 716; x_wconf 82' lang='lat' dir='ltr'><strong>epistota</strong></span> <span class='ocrx_word' id='word_1_7' title='bbox 379 656 507 704; x_wconf 87' lang='lat' dir='ltr'><strong>sumentes</strong></span> <span class='ocrx_word' id='word_1_8' title='bbox 524 665 599 703; x_wconf 83' lang='lat' dir='ltr'><strong>eror-</strong></span> <span class='ocrx_word' id='word_1_9' title='bbox 622 656 675 713; x_wconf 86' lang='lat' dir='ltr'><strong>eir,</strong></span> <span class='ocrx_word' id='word_1_10' title='bbox 693 669 761 717; x_wconf 82' lang='lat' dir='ltr'><strong>quens</strong></span> <span class='ocrx_word' id='word_1_11' title='bbox 775 655 855 716; x_wconf 74' lang='lat' dir='ltr'><strong>aequit</strong></span> <span class='ocrx_word' id='word_1_12' title='bbox 870 654 994 703; x_wconf 68' lang='lat' dir='ltr'><strong>Minus.</strong></span> <span class='ocrx_word' id='word_1_13' title='bbox 1008 654 1154 705; x_wconf 78' lang='lat' dir='ltr'><strong>Admonitio-</strong></span> 
     </span>
     <span class='ocr_line' id='line_1_3' title="bbox 63 722 1152 786; baseline -0.002 -12"><span class='ocrx_word' id='word_1_14' title='bbox 63 726 149 785; x_wconf 87' lang='lat' dir='ltr'><strong>dturn,</strong></span> <span class='ocrx_word' id='word_1_15' title='bbox 160 725 323 774; x_wconf 67' lang='lat' dir='ltr'><strong>trwhremus</strong></span> <span class='ocrx_word' id='word_1_16' title='bbox 331 722 397 786; x_wconf 89' lang='lat' dir='ltr'><strong>qnod</strong></span> <span class='ocrx_word' id='word_1_17' title='bbox 407 723 488 772; x_wconf 87' lang='lat' dir='ltr'><strong>omnis</strong></span> <span class='ocrx_word' id='word_1_18' title='bbox 497 724 596 784; x_wconf 86' lang='lat' dir='ltr'><strong>sapiens</strong></span> <span class='ocrx_word' id='word_1_19' title='bbox 622 736 675 770; x_wconf 83' lang='lat' dir='ltr'><strong>nens</strong></span> <span class='ocrx_word' id='word_1_20' title='bbox 687 728 766 773; x_wconf 74' lang='lat' dir='ltr'><strong>autem</strong></span> <span class='ocrx_word' id='word_1_21' title='bbox 775 724 820 773; x_wconf 80' lang='lat' dir='ltr'><strong>ee</strong></span> <span class='ocrx_word' id='word_1_22' title='bbox 830 726 1047 772; x_wconf 65' lang='lat' dir='ltr'><strong>terrenaeque...</strong></span> <span class='ocrx_word' id='word_1_23' title='bbox 1054 725 1083 774; x_wconf 88' lang='lat' dir='ltr'><strong>ln</strong></span> <span class='ocrx_word' id='word_1_24' title='bbox 1089 723 1152 782; x_wconf 75' lang='lat' dir='ltr'><strong>tonte</strong></span> 
     </span>
     <span class='ocr_line' id='line_1_4' title="bbox 63 791 1153 855; baseline -0.002 -12"><span class='ocrx_word' id='word_1_25' title='bbox 63 793 138 843; x_wconf 84' lang='lat' dir='ltr'><strong>iiber.</strong></span> <span class='ocrx_word' id='word_1_26' title='bbox 143 793 237 842; x_wconf 78' lang='lat' dir='ltr'><strong>Veram</strong></span> <span class='ocrx_word' id='word_1_27' title='bbox 243 794 344 854; x_wconf 83' lang='lat' dir='ltr'><strong>postea,</strong></span> <span class='ocrx_word' id='word_1_28' title='bbox 353 805 411 841; x_wconf 90' lang='lat' dir='ltr'><strong>eum</strong></span> <span class='ocrx_word' id='word_1_29' title='bbox 418 793 485 841; x_wconf 80' lang='lat' dir='ltr'><strong>Petri</strong></span> <span class='ocrx_word' id='word_1_30' title='bbox 494 794 598 853; x_wconf 89' lang='lat' dir='ltr'><strong>apostoli</strong></span> <span class='ocrx_word' id='word_1_31' title='bbox 620 791 728 842; x_wconf 67' lang='lat' dir='ltr'><strong>titerow</strong></span> <span class='ocrx_word' id='word_1_32' title='bbox 743 796 765 842; x_wconf 80' lang='lat' dir='ltr'><strong>te</strong></span> <span class='ocrx_word' id='word_1_33' title='bbox 778 807 794 840; x_wconf 89' lang='lat' dir='ltr'><strong>o</strong></span> <span class='ocrx_word' id='word_1_34' title='bbox 802 794 894 855; x_wconf 81' lang='lat' dir='ltr'><strong>esorts,</strong></span> <span class='ocrx_word' id='word_1_35' title='bbox 911 793 938 840; x_wconf 83' lang='lat' dir='ltr'><strong>irs</strong></span> <span class='ocrx_word' id='word_1_36' title='bbox 950 791 1031 852; x_wconf 70' lang='lat' dir='ltr'><strong>muto</strong></span> <span class='ocrx_word' id='word_1_37' title='bbox 1042 793 1069 839; x_wconf 79' lang='lat' dir='ltr'><strong>de</strong></span> <span class='ocrx_word' id='word_1_38' title='bbox 1079 805 1153 841; x_wconf 77' lang='lat' dir='ltr'><strong>mona</strong></span> 
     </span>
     <span class='ocr_line' id='line_1_5' title="bbox 63 860 1150 924; baseline -0.001 -13"><span class='ocrx_word' id='word_1_39' title='bbox 63 861 504 924; x_wconf 73' lang='lat' dir='ltr'><strong>epistolamieqerem,adrertiqned</strong></span> <span class='ocrx_word' id='word_1_40' title='bbox 514 862 595 913; x_wconf 83' lang='lat' dir='ltr'><strong>earnis</strong></span> <span class='ocrx_word' id='word_1_41' title='bbox 620 860 678 918; x_wconf 75' lang='lat' dir='ltr'><strong>terri</strong></span> <span class='ocrx_word' id='word_1_42' title='bbox 693 861 800 911; x_wconf 70' lang='lat' dir='ltr'><strong>liberabit</strong></span> <span class='ocrx_word' id='word_1_43' title='bbox 814 864 850 920; x_wconf 86' lang='lat' dir='ltr'><strong>te,</strong></span> <span class='ocrx_word' id='word_1_44' title='bbox 861 864 883 909; x_wconf 86' lang='lat' dir='ltr'><strong>et</strong></span> <span class='ocrx_word' id='word_1_45' title='bbox 894 876 910 909; x_wconf 90' lang='lat' dir='ltr'><strong>o</strong></span> <span class='ocrx_word' id='word_1_46' title='bbox 925 860 1018 922; x_wconf 78' lang='lat' dir='ltr'><strong>tloqclle</strong></span> <span class='ocrx_word' id='word_1_47' title='bbox 1034 861 1119 921; x_wconf 70' lang='lat' dir='ltr'><strong>linquae</strong></span> <span class='ocrx_word' id='word_1_48' title='bbox 1129 865 1150 910; x_wconf 84' lang='lat' dir='ltr'><strong>ie</strong></span> 
     </span>
     <span class='ocr_line' id='line_1_6' title="bbox 64 928 1151 993; baseline -0.002 -14"><span class='ocrx_word' id='word_1_49' title='bbox 64 931 164 993; x_wconf 85' lang='lat' dir='ltr'><strong>rapiens</strong></span> <span class='ocrx_word' id='word_1_50' title='bbox 173 932 249 979; x_wconf 89' lang='lat' dir='ltr'><strong>etiam</strong></span> <span class='ocrx_word' id='word_1_51' title='bbox 259 930 330 979; x_wconf 81' lang='lat' dir='ltr'><strong>dives</strong></span> <span class='ocrx_word' id='word_1_52' title='bbox 345 941 412 978; x_wconf 79' lang='lat' dir='ltr'><strong>:nee</strong></span> <span class='ocrx_word' id='word_1_53' title='bbox 424 941 512 978; x_wconf 82' lang='lat' dir='ltr'><strong>sexum</strong></span> <span class='ocrx_word' id='word_1_54' title='bbox 523 940 596 978; x_wconf 79' lang='lat' dir='ltr'><strong>exee-</strong></span> <span class='ocrx_word' id='word_1_55' title='bbox 620 928 783 978; x_wconf 68' lang='lat' dir='ltr'><strong>etmenden...</strong></span> <span class='ocrx_word' id='word_1_56' title='bbox 798 930 864 978; x_wconf 75' lang='lat' dir='ltr'><strong>Fere</strong></span> <span class='ocrx_word' id='word_1_57' title='bbox 881 929 957 979; x_wconf 80' lang='lat' dir='ltr'><strong>testie</strong></span> <span class='ocrx_word' id='word_1_58' title='bbox 968 928 1071 991; x_wconf 64' lang='lat' dir='ltr'><strong>porticu</strong></span> <span class='ocrx_word' id='word_1_59' title='bbox 1082 933 1151 977; x_wconf 76' lang='lat' dir='ltr'><strong>mel</strong></span> 
     </span>
     <span class='ocr_line' id='line_1_7' title="bbox 65 998 1148 1061; baseline 0 -14"><span class='ocrx_word' id='word_1_60' title='bbox 65 1000 144 1061; x_wconf 91' lang='lat' dir='ltr'><strong>perit,</strong></span> <span class='ocrx_word' id='word_1_61' title='bbox 153 1000 195 1060; x_wconf 90' lang='lat' dir='ltr'><strong>qui</strong></span> <span class='ocrx_word' id='word_1_62' title='bbox 205 999 310 1046; x_wconf 84' lang='lat' dir='ltr'><strong>lominus</strong></span> <span class='ocrx_word' id='word_1_63' title='bbox 318 1001 431 1047; x_wconf 85' lang='lat' dir='ltr'><strong>ornatum</strong></span> <span class='ocrx_word' id='word_1_64' title='bbox 439 1009 538 1046; x_wconf 85' lang='lat' dir='ltr'><strong>omnem</strong></span> <span class='ocrx_word' id='word_1_65' title='bbox 546 1010 595 1049; x_wconf 90' lang='lat' dir='ltr'><strong>nen</strong></span> <span class='ocrx_word' id='word_1_66' title='bbox 620 998 673 1056; x_wconf 83' lang='lat' dir='ltr'><strong>liti,</strong></span> <span class='ocrx_word' id='word_1_67' title='bbox 684 1001 706 1047; x_wconf 82' lang='lat' dir='ltr'><strong>et</strong></span> <span class='ocrx_word' id='word_1_68' title='bbox 716 1002 773 1048; x_wconf 73' lang='lat' dir='ltr'><strong>aeia</strong></span> <span class='ocrx_word' id='word_1_69' title='bbox 783 1000 845 1061; x_wconf 83' lang='lat' dir='ltr'><strong>quod</strong></span> <span class='ocrx_word' id='word_1_70' title='bbox 853 999 879 1047; x_wconf 83' lang='lat' dir='ltr'><strong>le</strong></span> <span class='ocrx_word' id='word_1_71' title='bbox 887 1012 944 1060; x_wconf 86' lang='lat' dir='ltr'><strong>paee</strong></span> <span class='ocrx_word' id='word_1_72' title='bbox 955 1000 1000 1047; x_wconf 84' lang='lat' dir='ltr'><strong>erit</strong></span> <span class='ocrx_word' id='word_1_73' title='bbox 1007 999 1088 1048; x_wconf 64' lang='lat' dir='ltr'><strong>mosas</strong></span> <span class='ocrx_word' id='word_1_74' title='bbox 1098 1001 1148 1049; x_wconf 82' lang='lat' dir='ltr'><strong>itta.</strong></span> 
     </span>
     <span class='ocr_line' id='line_1_8' title="bbox 64 1066 1150 1129; baseline 0 -12"><span class='ocrx_word' id='word_1_75' title='bbox 64 1069 91 1117; x_wconf 93' lang='lat' dir='ltr'><strong>in</strong></span> <span class='ocrx_word' id='word_1_76' title='bbox 111 1068 227 1129; x_wconf 72' lang='lat' dir='ltr'>pretiosis</span> <span class='ocrx_word' id='word_1_77' title='bbox 247 1067 397 1126; x_wconf 77' lang='lat' dir='ltr'><strong>monilibus,</strong></span> <span class='ocrx_word' id='word_1_78' title='bbox 414 1066 458 1115; x_wconf 91' lang='lat' dir='ltr'><strong>sed</strong></span> <span class='ocrx_word' id='word_1_79' title='bbox 479 1067 505 1115; x_wconf 90' lang='lat' dir='ltr'><strong>in</strong></span> <span class='ocrx_word' id='word_1_80' title='bbox 525 1066 596 1116; x_wconf 90' lang='lat' dir='ltr'><strong>benis</strong></span> <span class='ocrx_word' id='word_1_81' title='bbox 618 1066 735 1129; x_wconf 70' lang='lat' dir='ltr'><strong>anaqam</strong></span> <span class='ocrx_word' id='word_1_82' title='bbox 750 1068 818 1117; x_wconf 88' lang='lat' dir='ltr'><strong>enim</strong></span> <span class='ocrx_word' id='word_1_83' title='bbox 835 1069 916 1118; x_wconf 87' lang='lat' dir='ltr'><strong>earnis</strong></span> <span class='ocrx_word' id='word_1_84' title='bbox 930 1067 1005 1128; x_wconf 75' lang='lat' dir='ltr'><strong>huius</strong></span> <span class='ocrx_word' id='word_1_85' title='bbox 1025 1066 1108 1128; x_wconf 82' lang='lat' dir='ltr'><strong>vitiis,</strong></span> <span class='ocrx_word' id='word_1_86' title='bbox 1122 1070 1150 1117; x_wconf 89' lang='lat' dir='ltr'><strong>et</strong></span> 
     </span>
     <span class='ocr_line' id='line_1_9' title="bbox 62 1134 1151 1199; baseline -0.001 -13"><span class='ocrx_word' id='word_1_87' title='bbox 62 1137 172 1186; x_wconf 86' lang='lat' dir='ltr'><strong>moribus</strong></span> <span class='ocrx_word' id='word_1_88' title='bbox 186 1136 279 1183; x_wconf 81' lang='lat' dir='ltr'><strong>bahem</strong></span> <span class='ocrx_word' id='word_1_89' title='bbox 290 1134 418 1195; x_wconf 77' lang='lat' dir='ltr'>scripserit</span> <span class='ocrx_word' id='word_1_90' title='bbox 429 1148 437 1182; x_wconf 83' lang='lat' dir='ltr'><strong>s</strong></span> <span class='ocrx_word' id='word_1_91' title='bbox 448 1138 503 1184; x_wconf 83' lang='lat' dir='ltr'><strong>lieu</strong></span> <span class='ocrx_word' id='word_1_92' title='bbox 513 1139 593 1195; x_wconf 82' lang='lat' dir='ltr'><strong>enim,</strong></span> <span class='ocrx_word' id='word_1_93' title='bbox 618 1136 787 1198; x_wconf 76' lang='lat' dir='ltr'><strong>passionibus,</strong></span> <span class='ocrx_word' id='word_1_94' title='bbox 795 1150 850 1199; x_wconf 77' lang='lat' dir='ltr'><strong>quae</strong></span> <span class='ocrx_word' id='word_1_95' title='bbox 858 1136 966 1185; x_wconf 85' lang='lat' dir='ltr'><strong>militare</strong></span> <span class='ocrx_word' id='word_1_96' title='bbox 975 1136 1151 1186; x_wconf 82' lang='lat' dir='ltr'><strong>adversusani·</strong></span> 
     </span>
     <span class='ocr_line' id='line_1_10' title="bbox 62 1204 1161 1279; baseline 0.001 -25"><span class='ocrx_word' id='word_1_97' title='bbox 62 1206 155 1267; x_wconf 91' lang='lat' dir='ltr'><strong>inquit,</strong></span> <span class='ocrx_word' id='word_1_98' title='bbox 165 1205 593 1265; x_wconf 76' lang='lat' dir='ltr'><strong>extimuerapiliorunslmplieolie,</strong></span> <span class='ocrx_word' id='word_1_99' title='bbox 618 1215 683 1251; x_wconf 87' lang='lat' dir='ltr'><strong>mern</strong></span> <span class='ocrx_word' id='word_1_100' title='bbox 694 1204 787 1264; x_wconf 84' lang='lat' dir='ltr'><strong>soient,</strong></span> <span class='ocrx_word' id='word_1_101' title='bbox 801 1204 959 1254; x_wconf 58' lang='lat' dir='ltr'><strong>ammaonte</strong></span> <span class='ocrx_word' id='word_1_102' title='bbox 969 1206 1012 1253; x_wconf 88' lang='lat' dir='ltr'><strong>tna</strong></span> <span class='ocrx_word' id='word_1_103' title='bbox 1024 1204 1078 1253; x_wconf 86' lang='lat' dir='ltr'><strong>siue</strong></span> <span class='ocrx_word' id='word_1_104' title='bbox 1093 1218 1161 1279; x_wconf 62' lang='lat' dir='ltr'><strong>per-3</strong></span> 
     </span>
     <span class='ocr_line' id='line_1_11' title="bbox 61 1272 1146 1336; baseline 0.002 -13"><span class='ocrx_word' id='word_1_105' title='bbox 61 1279 104 1323; x_wconf 81' lang='lat' dir='ltr'><strong>ant</strong></span> <span class='ocrx_word' id='word_1_106' title='bbox 114 1272 515 1334; x_wconf 66' lang='lat' dir='ltr'><strong>osdeircumposiiie,nattobiius</strong></span> <span class='ocrx_word' id='word_1_107' title='bbox 524 1277 594 1322; x_wconf 85' lang='lat' dir='ltr'><strong>oesti-</strong></span> <span class='ocrx_word' id='word_1_108' title='bbox 617 1272 1146 1336; x_wconf 83' lang='lat' dir='ltr'><strong>turbationeerunt,damussiueoiiensiene,</strong></span> 
     </span>
     <span class='ocr_line' id='line_1_12' title="bbox 61 1342 1147 1405; baseline 0 -12"><span class='ocrx_word' id='word_1_109' title='bbox 61 1346 193 1393; x_wconf 78' lang='lat' dir='ltr'><strong>nessiorum</strong></span> <span class='ocrx_word' id='word_1_110' title='bbox 208 1346 387 1401; x_wconf 84' lang='lat' dir='ltr'><strong>ornamentum,</strong></span> <span class='ocrx_word' id='word_1_111' title='bbox 397 1342 436 1391; x_wconf 84' lang='lat' dir='ltr'><strong>ted</strong></span> <span class='ocrx_word' id='word_1_112' title='bbox 447 1342 485 1391; x_wconf 86' lang='lat' dir='ltr'><strong>iile</strong></span> <span class='ocrx_word' id='word_1_113' title='bbox 495 1342 594 1393; x_wconf 70' lang='lat' dir='ltr'><strong>elaeon</strong></span> <span class='ocrx_word' id='word_1_114' title='bbox 616 1342 1009 1405; x_wconf 66' lang='lat' dir='ltr'><strong>semendnedeteetupesteritas</strong></span> <span class='ocrx_word' id='word_1_115' title='bbox 1016 1342 1147 1393; x_wconf 78' lang='lat' dir='ltr'><strong>eleutedor</strong></span> 
     </span>
     <span class='ocr_line' id='line_1_13' title="bbox 61 1411 1148 1474; baseline 0.002 -15"><span class='ocrx_word' id='word_1_116' title='bbox 61 1413 122 1460; x_wconf 77' lang='lat' dir='ltr'><strong>dilus</strong></span> <span class='ocrx_word' id='word_1_117' title='bbox 132 1411 297 1460; x_wconf 65' lang='lat' dir='ltr'><strong>cordatione.</strong></span> <span class='ocrx_word' id='word_1_118' title='bbox 616 1411 669 1470; x_wconf 72' lang='lat' dir='ltr'><strong>apri</strong></span> <span class='ocrx_word' id='word_1_119' title='bbox 680 1414 764 1473; x_wconf 84' lang='lat' dir='ltr'><strong>pleni,</strong></span> <span class='ocrx_word' id='word_1_120' title='bbox 783 1415 910 1474; x_wconf 70' lang='lat' dir='ltr'><strong>sepultura</strong></span> <span class='ocrx_word' id='word_1_121' title='bbox 924 1412 989 1461; x_wconf 86' lang='lat' dir='ltr'><strong>sieut</strong></span> <span class='ocrx_word' id='word_1_122' title='bbox 1004 1412 1099 1461; x_wconf 67' lang='lat' dir='ltr'><strong>menis.</strong></span> <span class='ocrx_word' id='word_1_123' title='bbox 1110 1412 1148 1461; x_wconf 82' lang='lat' dir='ltr'><strong>st·</strong></span> 
     </span>
     <span class='ocr_line' id='line_1_14' title="bbox 91 1477 1147 1543; baseline 0.007 -19"><span class='ocrx_word' id='word_1_124' title='bbox 91 1477 116 1527; x_wconf 74' lang='lat'><strong>2.</strong></span> <span class='ocrx_word' id='word_1_125' title='bbox 128 1478 182 1526; x_wconf 79' lang='lat' dir='ltr'><strong>ltno</strong></span> <span class='ocrx_word' id='word_1_126' title='bbox 198 1479 257 1526; x_wconf 82' lang='lat' dir='ltr'><strong>suni</strong></span> <span class='ocrx_word' id='word_1_127' title='bbox 273 1478 349 1537; x_wconf 81' lang='lat' dir='ltr'><strong>lqitur</strong></span> <span class='ocrx_word' id='word_1_128' title='bbox 358 1478 385 1525; x_wconf 88' lang='lat' dir='ltr'><strong>et</strong></span> <span class='ocrx_word' id='word_1_129' title='bbox 395 1490 449 1526; x_wconf 87' lang='lat' dir='ltr'><strong>esse</strong></span> <span class='ocrx_word' id='word_1_130' title='bbox 467 1478 591 1527; x_wconf 84' lang='lat' dir='ltr'><strong>hominem</strong></span> <span class='ocrx_word' id='word_1_131' title='bbox 615 1480 718 1538; x_wconf 85' lang='lat' dir='ltr'><strong>quidem</strong></span> <span class='ocrx_word' id='word_1_132' title='bbox 727 1481 826 1543; x_wconf 86' lang='lat' dir='ltr'><strong>quaudo</strong></span> <span class='ocrx_word' id='word_1_133' title='bbox 837 1482 961 1529; x_wconf 87' lang='lat' dir='ltr'><strong>aliisuum</strong></span> <span class='ocrx_word' id='word_1_134' title='bbox 974 1480 1099 1529; x_wconf 85' lang='lat' dir='ltr'><strong>deiectum</strong></span> <span class='ocrx_word' id='word_1_135' title='bbox 1107 1493 1147 1531; x_wconf 85' lang='lat' dir='ltr'><strong>ar·</strong></span> 
     </span>
     <span class='ocr_line' id='line_1_15' title="bbox 63 1545 1147 1609; baseline 0.002 -15"><span class='ocrx_word' id='word_1_136' title='bbox 63 1546 91 1594; x_wconf 89' lang='lat' dir='ltr'><strong>in</strong></span> <span class='ocrx_word' id='word_1_137' title='bbox 103 1547 216 1607; x_wconf 86' lang='lat' dir='ltr'><strong>tremine,</strong></span> <span class='ocrx_word' id='word_1_138' title='bbox 231 1547 258 1596; x_wconf 89' lang='lat' dir='ltr'><strong>et</strong></span> <span class='ocrx_word' id='word_1_139' title='bbox 267 1548 339 1594; x_wconf 85' lang='lat' dir='ltr'><strong>iilum</strong></span> <span class='ocrx_word' id='word_1_140' title='bbox 351 1560 405 1595; x_wconf 84' lang='lat' dir='ltr'><strong>esee</strong></span> <span class='ocrx_word' id='word_1_141' title='bbox 416 1546 536 1607; x_wconf 77' lang='lat' dir='ltr'><strong>divitem,</strong></span> <span class='ocrx_word' id='word_1_142' title='bbox 546 1550 591 1609; x_wconf 90' lang='lat' dir='ltr'><strong>qul</strong></span> <span class='ocrx_word' id='word_1_143' title='bbox 615 1545 752 1609; x_wconf 72' lang='lat' dir='ltr'><strong>ninantur,</strong></span> <span class='ocrx_word' id='word_1_144' title='bbox 763 1550 822 1598; x_wconf 85' lang='lat' dir='ltr'><strong>tuno</strong></span> <span class='ocrx_word' id='word_1_145' title='bbox 838 1560 941 1597; x_wconf 82' lang='lat' dir='ltr'><strong>acervus</strong></span> <span class='ocrx_word' id='word_1_146' title='bbox 958 1548 1036 1597; x_wconf 89' lang='lat' dir='ltr'><strong>tritici</strong></span> <span class='ocrx_word' id='word_1_147' title='bbox 1051 1548 1088 1597; x_wconf 88' lang='lat' dir='ltr'><strong>tui</strong></span> <span class='ocrx_word' id='word_1_148' title='bbox 1103 1561 1147 1597; x_wconf 81' lang='lat' dir='ltr'><strong>eu·</strong></span> 
     </span>
     <span class='ocr_line' id='line_1_16' title="bbox 62 1614 1081 1677; baseline -0.002 -13"><span class='ocrx_word' id='word_1_149' title='bbox 62 1615 110 1664; x_wconf 83' lang='lat' dir='ltr'><strong>sliri</strong></span> <span class='ocrx_word' id='word_1_150' title='bbox 131 1615 252 1665; x_wconf 89' lang='lat' dir='ltr'><strong>nuliamm</strong></span> <span class='ocrx_word' id='word_1_151' title='bbox 268 1614 411 1664; x_wconf 80' lang='lat' dir='ltr'><strong>divitiarum</strong></span> <span class='ocrx_word' id='word_1_152' title='bbox 423 1629 495 1664; x_wconf 84' lang='lat' dir='ltr'><strong>usum</strong></span> <span class='ocrx_word' id='word_1_153' title='bbox 506 1618 592 1677; x_wconf 89' lang='lat' dir='ltr'><strong>requi·</strong></span> <span class='ocrx_word' id='word_1_154' title='bbox 615 1615 699 1673; x_wconf 83' lang='lat' dir='ltr'><strong>pernis</strong></span> <span class='ocrx_word' id='word_1_155' title='bbox 707 1619 818 1666; x_wconf 87' lang='lat' dir='ltr'><strong>maturus</strong></span> <span class='ocrx_word' id='word_1_156' title='bbox 827 1614 935 1665; x_wconf 87' lang='lat' dir='ltr'><strong>iuieriur</strong></span> <span class='ocrx_word' id='word_1_157' title='bbox 945 1614 1081 1677; x_wconf 83' lang='lat' dir='ltr'><strong>apothecis.</strong></span> 
     </span>
     <span class='ocr_line' id='line_1_17' title="bbox 61 1683 1146 1747; baseline 0.003 -15"><span class='ocrx_word' id='word_1_158' title='bbox 61 1684 377 1734; x_wconf 81' lang='lat' dir='ltr'><strong>rat.l³ulereauiemeerdis</strong></span> <span class='ocrx_word' id='word_1_159' title='bbox 386 1683 590 1745; x_wconf 80' lang='lat' dir='ltr'><strong>hominemdixit,</strong></span> <span class='ocrx_word' id='word_1_160' title='bbox 645 1684 668 1732; x_wconf 84' lang='grc'><strong>6.</strong></span> <span class='ocrx_word' id='word_1_161' title='bbox 679 1686 766 1735; x_wconf 86' lang='lat' dir='ltr'><strong>lterito</strong></span> <span class='ocrx_word' id='word_1_162' title='bbox 773 1686 854 1747; x_wconf 79' lang='lat' dir='ltr'><strong>justus</strong></span> <span class='ocrx_word' id='word_1_163' title='bbox 861 1698 960 1745; x_wconf 87' lang='lat' dir='ltr'><strong>semper</strong></span> <span class='ocrx_word' id='word_1_164' title='bbox 971 1685 1088 1744; x_wconf 83' lang='lat' dir='ltr'><strong>imnerat,</strong></span> <span class='ocrx_word' id='word_1_165' title='bbox 1097 1683 1146 1735; x_wconf 87' lang='lat' dir='ltr'><strong>ini·</strong></span> 
     </span>
     <span class='ocr_line' id='line_1_18' title="bbox 61 1752 1146 1818; baseline 0.001 -16"><span class='ocrx_word' id='word_1_166' title='bbox 61 1754 164 1814; x_wconf 87' lang='lat' dir='ltr'><strong>eoquod</strong></span> <span class='ocrx_word' id='word_1_167' title='bbox 170 1753 236 1802; x_wconf 79' lang='lat' dir='ltr'><strong>totum</strong></span> <span class='ocrx_word' id='word_1_168' title='bbox 243 1753 372 1814; x_wconf 79' lang='lat' dir='ltr'><strong>sapientie</strong></span> <span class='ocrx_word' id='word_1_169' title='bbox 378 1752 409 1801; x_wconf 90' lang='lat' dir='ltr'><strong>sit</strong></span> <span class='ocrx_word' id='word_1_170' title='bbox 416 1753 590 1815; x_wconf 77' lang='lat' dir='ltr'><strong>absconditus,</strong></span> <span class='ocrx_word' id='word_1_171' title='bbox 614 1767 677 1813; x_wconf 78' lang='lat' dir='ltr'><strong>quun</strong></span> <span class='ocrx_word' id='word_1_172' title='bbox 685 1756 788 1818; x_wconf 71' lang='lat' dir='ltr'><strong>indiget.</strong></span> <span class='ocrx_word' id='word_1_173' title='bbox 801 1754 962 1816; x_wconf 85' lang='lat' dir='ltr'><strong>iilejnstitias</strong></span> <span class='ocrx_word' id='word_1_174' title='bbox 973 1754 1090 1814; x_wconf 85' lang='lat' dir='ltr'><strong>ioenerat,</strong></span> <span class='ocrx_word' id='word_1_175' title='bbox 1098 1752 1146 1803; x_wconf 81' lang='lat' dir='ltr'><strong>ioe-</strong></span> 
     </span>
     <span class='ocr_line' id='line_1_19' title="bbox 60 1821 1145 1884; baseline 0.003 -16"><span class='ocrx_word' id='word_1_176' title='bbox 60 1823 125 1870; x_wconf 82' lang='lat' dir='ltr'><strong>sient</strong></span> <span class='ocrx_word' id='word_1_177' title='bbox 136 1824 189 1883; x_wconf 90' lang='lat' dir='ltr'><strong>ipsa</strong></span> <span class='ocrx_word' id='word_1_178' title='bbox 198 1822 336 1882; x_wconf 79' lang='lat' dir='ltr'><strong>sapientia,</strong></span> <span class='ocrx_word' id='word_1_179' title='bbox 346 1834 402 1882; x_wconf 79' lang='lat' dir='ltr'><strong>qua</strong></span> <span class='ocrx_word' id='word_1_180' title='bbox 414 1833 464 1869; x_wconf 91' lang='lat' dir='ltr'><strong>non</strong></span> <span class='ocrx_word' id='word_1_181' title='bbox 475 1821 589 1881; x_wconf 82' lang='lat' dir='ltr'><strong>ridetur,</strong></span> <span class='ocrx_word' id='word_1_182' title='bbox 615 1825 831 1872; x_wconf 78' lang='lat' dir='ltr'><strong>tseratmandatum</strong></span> <span class='ocrx_word' id='word_1_183' title='bbox 839 1823 886 1871; x_wconf 84' lang='lat' dir='ltr'><strong>Dei</strong></span> <span class='ocrx_word' id='word_1_184' title='bbox 894 1822 1045 1883; x_wconf 78' lang='lat' dir='ltr'><strong>pauperibus</strong></span> <span class='ocrx_word' id='word_1_185' title='bbox 1051 1823 1078 1870; x_wconf 85' lang='lat' dir='ltr'><strong>et</strong></span> <span class='ocrx_word' id='word_1_186' title='bbox 1085 1834 1145 1884; x_wconf 71' lang='lat' dir='ltr'><strong>epe·</strong></span> 
     </span>
     <span class='ocr_line' id='line_1_20' title="bbox 60 1888 1145 1952; baseline 0.001 -15"><span class='ocrx_word' id='word_1_187' title='bbox 60 1889 105 1937; x_wconf 83' lang='lat' dir='ltr'><strong>sed</strong></span> <span class='ocrx_word' id='word_1_188' title='bbox 113 1890 268 1950; x_wconf 66' lang='lat' dir='ltr'><strong>intelligitur.</strong></span> <span class='ocrx_word' id='word_1_189' title='bbox 279 1890 355 1937; x_wconf 83' lang='lat' dir='ltr'><strong>tiemo</strong></span> <span class='ocrx_word' id='word_1_190' title='bbox 366 1892 424 1936; x_wconf 88' lang='lat' dir='ltr'><strong>ante</strong></span> <span class='ocrx_word' id='word_1_191' title='bbox 433 1890 533 1937; x_wconf 76' lang='lat' dir='ltr'><strong>Petrum</strong></span> <span class='ocrx_word' id='word_1_192' title='bbox 544 1891 589 1936; x_wconf 88' lang='lat' dir='ltr'><strong>tali</strong></span> <span class='ocrx_word' id='word_1_193' title='bbox 614 1890 652 1937; x_wconf 86' lang='lat' dir='ltr'><strong>nis</strong></span> <span class='ocrx_word' id='word_1_194' title='bbox 665 1904 672 1936; x_wconf 75' lang='grc' dir='ltr'><strong>ε</strong></span> <span class='ocrx_word' id='word_1_195' title='bbox 684 1894 711 1939; x_wconf 93' lang='lat' dir='ltr'><strong>at</strong></span> <span class='ocrx_word' id='word_1_196' title='bbox 720 1904 779 1940; x_wconf 76' lang='lat' dir='ltr'><strong>tero</strong></span> <span class='ocrx_word' id='word_1_197' title='bbox 790 1892 911 1952; x_wconf 76' lang='lat' dir='ltr'><strong>iusipiens</strong></span> <span class='ocrx_word' id='word_1_198' title='bbox 921 1892 948 1938; x_wconf 88' lang='lat' dir='ltr'><strong>et</strong></span> <span class='ocrx_word' id='word_1_199' title='bbox 957 1888 1024 1950; x_wconf 89' lang='lat' dir='ltr'><strong>qued</strong></span> <span class='ocrx_word' id='word_1_200' title='bbox 1036 1891 1145 1948; x_wconf 81' lang='lat' dir='ltr'><strong>putatae</strong></span> 
     </span>
     <span class='ocr_line' id='line_1_21' title="bbox 62 1957 1144 2019; baseline -0.001 -11"><span class='ocrx_word' id='word_1_201' title='bbox 62 1958 221 2018; x_wconf 83' lang='lat' dir='ltr'><strong>expressione</strong></span> <span class='ocrx_word' id='word_1_202' title='bbox 233 1969 291 2006; x_wconf 87' lang='lat' dir='ltr'><strong>usus</strong></span> <span class='ocrx_word' id='word_1_203' title='bbox 301 1960 352 2018; x_wconf 85' lang='lat' dir='ltr'><strong>est,</strong></span> <span class='ocrx_word' id='word_1_204' title='bbox 363 1959 391 2006; x_wconf 91' lang='lat' dir='ltr'><strong>ut</strong></span> <span class='ocrx_word' id='word_1_205' title='bbox 404 1957 499 2005; x_wconf 82' lang='lat' dir='ltr'><strong>diceret</strong></span> <span class='ocrx_word' id='word_1_206' title='bbox 510 1958 590 2004; x_wconf 84' lang='lat' dir='ltr'><strong>cerdis</strong></span> <span class='ocrx_word' id='word_1_207' title='bbox 616 1958 722 2017; x_wconf 86' lang='lat' dir='ltr'><strong>trabere,</strong></span> <span class='ocrx_word' id='word_1_208' title='bbox 733 1971 886 2019; x_wconf 84' lang='lat' dir='ltr'><strong>nequaquam</strong></span> <span class='ocrx_word' id='word_1_209' title='bbox 897 1959 1014 2017; x_wconf 86' lang='lat' dir='ltr'><strong>possidet.</strong></span> <span class='ocrx_word' id='word_1_210' title='bbox 1024 1957 1061 2004; x_wconf 79' lang='lat' dir='ltr'><strong>tn</strong></span> <span class='ocrx_word' id='word_1_211' title='bbox 1071 1958 1144 2017; x_wconf 83' lang='lat' dir='ltr'><strong>putas</strong></span> 
     </span>
     <span class='ocr_line' id='line_1_22' title="bbox 61 2024 1143 2088; baseline -0.001 -14"><span class='ocrx_word' id='word_1_212' title='bbox 61 2026 200 2087; x_wconf 70' lang='lat' dir='ltr'><strong>nerninem</strong></span> <span class='ocrx_word' id='word_1_213' title='bbox 211 2026 320 2074; x_wconf 83' lang='lat' dir='ltr'><strong>exterior</strong></span> <span class='ocrx_word' id='word_1_214' title='bbox 328 2026 395 2074; x_wconf 90' lang='lat' dir='ltr'><strong>enim</strong></span> <span class='ocrx_word' id='word_1_215' title='bbox 404 2027 476 2074; x_wconf 89' lang='lat' dir='ltr'><strong>hemo</strong></span> <span class='ocrx_word' id='word_1_216' title='bbox 485 2026 590 2086; x_wconf 89' lang='lat' dir='ltr'><strong>plurima</strong></span> <span class='ocrx_word' id='word_1_217' title='bbox 615 2026 685 2073; x_wconf 89' lang='lat' dir='ltr'><strong>iilum</strong></span> <span class='ocrx_word' id='word_1_218' title='bbox 700 2027 839 2087; x_wconf 79' lang='lat' dir='ltr'><strong>possidere,</strong></span> <span class='ocrx_word' id='word_1_219' title='bbox 855 2024 899 2088; x_wconf 88' lang='lat' dir='ltr'><strong>qui</strong></span> <span class='ocrx_word' id='word_1_220' title='bbox 913 2026 1027 2074; x_wconf 87' lang='lat' dir='ltr'><strong>thesauro</strong></span> <span class='ocrx_word' id='word_1_221' title='bbox 1041 2037 1086 2073; x_wconf 87' lang='lat' dir='ltr'><strong>suo</strong></span> <span class='ocrx_word' id='word_1_222' title='bbox 1102 2024 1143 2073; x_wconf 88' lang='lat' dir='ltr'><strong>dio</strong></span> 
     </span>
     <span class='ocr_line' id='line_1_23' title="bbox 62 2091 1142 2153; baseline -0.003 -9"><span class='ocrx_word' id='word_1_223' title='bbox 62 2097 128 2144; x_wconf 89' lang='lat' dir='ltr'><strong>inse</strong></span> <span class='ocrx_word' id='word_1_224' title='bbox 139 2096 248 2145; x_wconf 78' lang='lat' dir='ltr'><strong>membru</strong></span> <span class='ocrx_word' id='word_1_225' title='bbox 263 2095 339 2144; x_wconf 80' lang='lat' dir='ltr'><strong>hahet</strong></span> <span class='ocrx_word' id='word_1_226' title='bbox 357 2110 365 2142; x_wconf 83' lang='lat' dir='ltr'><strong>r</strong></span> <span class='ocrx_word' id='word_1_227' title='bbox 384 2096 488 2143; x_wconf 89' lang='lat' dir='ltr'><strong>interior</strong></span> <span class='ocrx_word' id='word_1_228' title='bbox 505 2096 590 2143; x_wconf 87' lang='lat' dir='ltr'><strong>autem</strong></span> <span class='ocrx_word' id='word_1_229' title='bbox 614 2106 643 2142; x_wconf 87' lang='lat' dir='ltr'><strong>ae</strong></span> <span class='ocrx_word' id='word_1_230' title='bbox 663 2096 736 2142; x_wconf 89' lang='lat' dir='ltr'><strong>noete</strong></span> <span class='ocrx_word' id='word_1_231' title='bbox 754 2095 888 2153; x_wconf 82' lang='lat' dir='ltr'><strong>incubans,</strong></span> <span class='ocrx_word' id='word_1_232' title='bbox 906 2105 981 2142; x_wconf 82' lang='lat' dir='ltr'><strong>avara</strong></span> <span class='ocrx_word' id='word_1_233' title='bbox 1001 2092 1028 2141; x_wconf 89' lang='lat' dir='ltr'><strong>et</strong></span> <span class='ocrx_word' id='word_1_234' title='bbox 1049 2091 1142 2142; x_wconf 88' lang='lat' dir='ltr'><strong>misera</strong></span> 
     </span>
     <span class='ocr_line' id='line_1_24' title="bbox 59 2160 1143 2224; baseline -0.002 -11"><span class='ocrx_word' id='word_1_235' title='bbox 59 2163 529 2224; x_wconf 81' lang='lat' dir='ltr'><strong>eordialromotoinsplenussapientiae</strong></span> <span class='ocrx_word' id='word_1_236' title='bbox 539 2165 590 2223; x_wconf 83' lang='lat' dir='ltr'><strong>eat,</strong></span> <span class='ocrx_word' id='word_1_237' title='bbox 614 2162 741 2222; x_wconf 88' lang='lat' dir='ltr'><strong>torquetur</strong></span> <span class='ocrx_word' id='word_1_238' title='bbox 751 2160 931 2211; x_wconf 86' lang='lat' dir='ltr'><strong>sollieitudinei</strong></span> <span class='ocrx_word' id='word_1_239' title='bbox 947 2161 993 2209; x_wconf 89' lang='lat' dir='ltr'><strong>ilie</strong></span> <span class='ocrx_word' id='word_1_240' title='bbox 1003 2171 1062 2209; x_wconf 83' lang='lat' dir='ltr'><strong>vero</strong></span> <span class='ocrx_word' id='word_1_241' title='bbox 1072 2164 1143 2222; x_wconf 75' lang='lat' dir='ltr'><strong>eget,</strong></span> 
     </span>
     <span class='ocr_line' id='line_1_25' title="bbox 59 2227 1144 2296; baseline -0.004 -13"><span class='ocrx_word' id='word_1_242' title='bbox 59 2234 149 2296; x_wconf 79' lang='lat' dir='ltr'><strong>plenus</strong></span> <span class='ocrx_word' id='word_1_243' title='bbox 156 2234 254 2296; x_wconf 66' lang='lat' dir='ltr'><strong>erate,</strong></span> <span class='ocrx_word' id='word_1_244' title='bbox 266 2233 354 2294; x_wconf 89' lang='lat' dir='ltr'><strong>plenus</strong></span> <span class='ocrx_word' id='word_1_245' title='bbox 362 2232 466 2281; x_wconf 83' lang='lat' dir='ltr'><strong>deceris.</strong></span> <span class='ocrx_word' id='word_1_246' title='bbox 614 2232 640 2278; x_wconf 92' lang='lat' dir='ltr'><strong>et</strong></span> <span class='ocrx_word' id='word_1_247' title='bbox 654 2231 676 2278; x_wconf 87' lang='lat' dir='ltr'><strong>si</strong></span> <span class='ocrx_word' id='word_1_248' title='bbox 691 2231 748 2280; x_wconf 78' lang='lat' dir='ltr'><strong>aliis</strong></span> <span class='ocrx_word' id='word_1_249' title='bbox 765 2230 836 2279; x_wconf 80' lang='lat' dir='ltr'><strong>dives</strong></span> <span class='ocrx_word' id='word_1_250' title='bbox 850 2230 964 2288; x_wconf 84' lang='lat' dir='ltr'><strong>ridetur,</strong></span> <span class='ocrx_word' id='word_1_251' title='bbox 983 2227 1032 2276; x_wconf 83' lang='lat' dir='ltr'><strong>siet</strong></span> <span class='ocrx_word' id='word_1_252' title='bbox 1049 2241 1144 2291; x_wconf 78' lang='lat' dir='ltr'><strong>pauper</strong></span> 
     </span>
     <span class='ocr_line' id='line_1_26' title="bbox 88 2296 1141 2364; baseline -0.002 -15"><span class='ocrx_word' id='word_1_253' title='bbox 88 2302 153 2350; x_wconf 68' lang='lat' dir='ltr'><strong>tile</strong></span> <span class='ocrx_word' id='word_1_254' title='bbox 168 2304 354 2364; x_wconf 72' lang='lat' dir='ltr'><strong>interruptione,</strong></span> <span class='ocrx_word' id='word_1_255' title='bbox 371 2300 466 2360; x_wconf 88' lang='lat' dir='ltr'><strong>inquit,</strong></span> <span class='ocrx_word' id='word_1_256' title='bbox 478 2301 550 2362; x_wconf 78' lang='lat' dir='ltr'><strong>quieti</strong></span> <span class='ocrx_word' id='word_1_257' title='bbox 567 2305 590 2349; x_wconf 85' lang='lat' dir='ltr'><strong>el</strong></span> <span class='ocrx_word' id='word_1_258' title='bbox 614 2299 789 2361; x_wconf 82' lang='lat' dir='ltr'><strong>est3quianen</strong></span> <span class='ocrx_word' id='word_1_259' title='bbox 799 2297 916 2347; x_wconf 88' lang='lat' dir='ltr'><strong>utitnreo</strong></span> <span class='ocrx_word' id='word_1_260' title='bbox 926 2296 992 2358; x_wconf 92' lang='lat' dir='ltr'><strong>qued</strong></span> <span class='ocrx_word' id='word_1_261' title='bbox 999 2296 1088 2357; x_wconf 78' lang='lat' dir='ltr'><strong>habet,</strong></span> <span class='ocrx_word' id='word_1_262' title='bbox 1098 2299 1141 2359; x_wconf 89' lang='lat' dir='ltr'><strong>qut</strong></span> 
     </span>
     <span class='ocr_line' id='line_1_27' title="bbox 58 2366 1142 2434; baseline -0.003 -15"><span class='ocrx_word' id='word_1_263' title='bbox 58 2372 157 2419; x_wconf 61' lang='lat' dir='ltr'><strong>nometi</strong></span> <span class='ocrx_word' id='word_1_264' title='bbox 165 2374 272 2434; x_wconf 59' lang='lat' dir='ltr'><strong>meiius,</strong></span> <span class='ocrx_word' id='word_1_265' title='bbox 284 2372 366 2431; x_wconf 83' lang='lat' dir='ltr'><strong>quiesi</strong></span> <span class='ocrx_word' id='word_1_266' title='bbox 375 2372 510 2418; x_wconf 70' lang='lat' dir='ltr'><strong>ostensem</strong></span> <span class='ocrx_word' id='word_1_267' title='bbox 519 2371 588 2419; x_wconf 69' lang='lat' dir='ltr'><strong>dieo.</strong></span> <span class='ocrx_word' id='word_1_268' title='bbox 612 2367 692 2416; x_wconf 86' lang='lat' dir='ltr'><strong>adhue</strong></span> <span class='ocrx_word' id='word_1_269' title='bbox 712 2368 761 2417; x_wconf 85' lang='lat' dir='ltr'><strong>alia</strong></span> <span class='ocrx_word' id='word_1_270' title='bbox 775 2367 855 2428; x_wconf 86' lang='lat' dir='ltr'><strong>rapit,</strong></span> <span class='ocrx_word' id='word_1_271' title='bbox 870 2367 919 2415; x_wconf 89' lang='lat' dir='ltr'><strong>alia</strong></span> <span class='ocrx_word' id='word_1_272' title='bbox 934 2366 1059 2415; x_wconf 86' lang='lat' dir='ltr'><strong>desiderat</strong></span> <span class='ocrx_word' id='word_1_273' title='bbox 1074 2368 1142 2416; x_wconf 79' lang='lat' dir='ltr'><strong>tUru</strong></span> 
     </span>
     <span class='ocr_line' id='line_1_28' title="bbox 58 2436 1142 2500; baseline 0.001 -14"><span class='ocrx_word' id='word_1_274' title='bbox 58 2440 89 2487; x_wconf 83' lang='lat' dir='ltr'><strong>nt</strong></span> <span class='ocrx_word' id='word_1_275' title='bbox 108 2451 167 2489; x_wconf 86' lang='lat' dir='ltr'><strong>rere</strong></span> <span class='ocrx_word' id='word_1_276' title='bbox 185 2440 270 2498; x_wconf 72' lang='lat' dir='ltr'><strong>diem,</strong></span> <span class='ocrx_word' id='word_1_277' title='bbox 285 2438 329 2500; x_wconf 87' lang='lat' dir='ltr'><strong>qni</strong></span> <span class='ocrx_word' id='word_1_278' title='bbox 345 2438 372 2486; x_wconf 92' lang='lat' dir='ltr'><strong>in</strong></span> <span class='ocrx_word' id='word_1_279' title='bbox 392 2441 525 2498; x_wconf 77' lang='lat' dir='ltr'><strong>conspeetu</strong></span> <span class='ocrx_word' id='word_1_280' title='bbox 543 2440 589 2486; x_wconf 84' lang='lat' dir='ltr'><strong>Dei</strong></span> <span class='ocrx_word' id='word_1_281' title='bbox 612 2448 679 2485; x_wconf 80' lang='lat' dir='ltr'><strong>rnna</strong></span> <span class='ocrx_word' id='word_1_282' title='bbox 687 2439 771 2487; x_wconf 88' lang='lat' dir='ltr'><strong>nullus</strong></span> <span class='ocrx_word' id='word_1_283' title='bbox 779 2436 909 2497; x_wconf 83' lang='lat' dir='ltr'><strong>cupiditati</strong></span> <span class='ocrx_word' id='word_1_284' title='bbox 917 2436 1016 2496; x_wconf 89' lang='lat' dir='ltr'><strong>medus,</strong></span> <span class='ocrx_word' id='word_1_285' title='bbox 1024 2438 1067 2498; x_wconf 87' lang='lat' dir='ltr'><strong>qui</strong></span> <span class='ocrx_word' id='word_1_286' title='bbox 1074 2437 1142 2487; x_wconf 85' lang='lat' dir='ltr'><strong>truo-</strong></span> 
     </span>
     <span class='ocr_line' id='line_1_29' title="bbox 57 2505 1140 2571; baseline -0.003 -13"><span class='ocrx_word' id='word_1_287' title='bbox 57 2509 140 2571; x_wconf 88' lang='lat' dir='ltr'><strong>potest</strong></span> <span class='ocrx_word' id='word_1_288' title='bbox 152 2508 223 2558; x_wconf 81' lang='lat' dir='ltr'><strong>dines</strong></span> <span class='ocrx_word' id='word_1_289' title='bbox 232 2506 364 2566; x_wconf 79' lang='lat' dir='ltr'><strong>sideri,in</strong></span> <span class='ocrx_word' id='word_1_290' title='bbox 374 2505 446 2566; x_wconf 80' lang='lat' dir='ltr'><strong>entus</strong></span> <span class='ocrx_word' id='word_1_291' title='bbox 456 2507 589 2566; x_wconf 77' lang='lat' dir='ltr'><strong>conspectu</strong></span> <span class='ocrx_word' id='word_1_292' title='bbox 613 2509 653 2554; x_wconf 89' lang='lat' dir='ltr'><strong>tus</strong></span> <span class='ocrx_word' id='word_1_293' title='bbox 672 2506 830 2557; x_wconf 61' lang='lat' dir='ltr'><strong>&amp;viduant</strong></span> <span class='ocrx_word' id='word_1_294' title='bbox 848 2508 924 2556; x_wconf 79' lang='lat' dir='ltr'><strong>Nemo</strong></span> <span class='ocrx_word' id='word_1_295' title='bbox 942 2508 979 2555; x_wconf 90' lang='lat' dir='ltr'><strong>est</strong></span> <span class='ocrx_word' id='word_1_296' title='bbox 997 2505 1083 2566; x_wconf 84' lang='lat' dir='ltr'><strong>dives,</strong></span> <span class='ocrx_word' id='word_1_297' title='bbox 1096 2506 1140 2567; x_wconf 91' lang='lat' dir='ltr'><strong>qui</strong></span> 
     </span>
     <span class='ocr_line' id='line_1_30' title="bbox 57 2574 1140 2639; baseline -0.005 -11"><span class='ocrx_word' id='word_1_298' title='bbox 57 2581 124 2628; x_wconf 81' lang='lat' dir='ltr'><strong>tom</strong></span> <span class='ocrx_word' id='word_1_299' title='bbox 144 2578 249 2639; x_wconf 67' lang='lat' dir='ltr'><strong>extem,</strong></span> <span class='ocrx_word' id='word_1_300' title='bbox 270 2574 379 2624; x_wconf 87' lang='lat' dir='ltr'><strong>mundus</strong></span> <span class='ocrx_word' id='word_1_301' title='bbox 400 2576 452 2635; x_wconf 83' lang='lat' dir='ltr'><strong>ipse</strong></span> <span class='ocrx_word' id='word_1_302' title='bbox 470 2576 588 2634; x_wconf 70' lang='lat' dir='ltr'><strong>enemim</strong></span> <span class='ocrx_word' id='word_1_303' title='bbox 611 2576 678 2636; x_wconf 92' lang='lat' dir='ltr'><strong>quod</strong></span> <span class='ocrx_word' id='word_1_304' title='bbox 693 2576 784 2637; x_wconf 81' lang='lat' dir='ltr'><strong>habet,</strong></span> <span class='ocrx_word' id='word_1_305' title='bbox 801 2588 886 2625; x_wconf 87' lang='lat' dir='ltr'><strong>seeum</strong></span> <span class='ocrx_word' id='word_1_306' title='bbox 903 2574 961 2623; x_wconf 80' lang='lat' dir='ltr'><strong>irinc</strong></span> <span class='ocrx_word' id='word_1_307' title='bbox 977 2574 1075 2623; x_wconf 88' lang='lat' dir='ltr'><strong>auterre</strong></span> <span class='ocrx_word' id='word_1_308' title='bbox 1091 2586 1140 2623; x_wconf 90' lang='lat' dir='ltr'><strong>non</strong></span> 
     </span>
     <span class='ocr_line' id='line_1_31' title="bbox 57 2642 1141 2706; baseline -0.003 -12"><span class='ocrx_word' id='word_1_309' title='bbox 57 2646 96 2694; x_wconf 90' lang='lat' dir='ltr'><strong>est</strong></span> <span class='ocrx_word' id='word_1_310' title='bbox 107 2659 114 2692; x_wconf 93' lang='lat'><strong>:</strong></span> <span class='ocrx_word' id='word_1_311' title='bbox 125 2645 257 2694; x_wconf 86' lang='lat' dir='ltr'><strong>sedeolum</strong></span> <span class='ocrx_word' id='word_1_312' title='bbox 269 2644 341 2691; x_wconf 88' lang='lat' dir='ltr'><strong>illum</strong></span> <span class='ocrx_word' id='word_1_313' title='bbox 352 2644 420 2691; x_wconf 83' lang='lat' dir='ltr'><strong>Deus</strong></span> <span class='ocrx_word' id='word_1_314' title='bbox 429 2642 533 2690; x_wconf 73' lang='lat' dir='ltr'><strong>divitem</strong></span> <span class='ocrx_word' id='word_1_315' title='bbox 543 2655 588 2691; x_wconf 88' lang='lat' dir='ltr'><strong>ne·</strong></span> <span class='ocrx_word' id='word_1_316' title='bbox 611 2646 692 2703; x_wconf 87' lang='lat' dir='ltr'><strong>poteet</strong></span> <span class='ocrx_word' id='word_1_317' title='bbox 701 2659 708 2693; x_wconf 79' lang='lat' dir='ltr'><strong>s</strong></span> <span class='ocrx_word' id='word_1_318' title='bbox 717 2645 782 2706; x_wconf 89' lang='lat' dir='ltr'><strong>quod</strong></span> <span class='ocrx_word' id='word_1_319' title='bbox 790 2646 858 2693; x_wconf 87' lang='lat' dir='ltr'><strong>enlm</strong></span> <span class='ocrx_word' id='word_1_320' title='bbox 868 2644 910 2693; x_wconf 82' lang='lat' dir='ltr'><strong>irie</strong></span> <span class='ocrx_word' id='word_1_321' title='bbox 917 2643 1080 2705; x_wconf 84' lang='lat' dir='ltr'><strong>relinquitur,</strong></span> <span class='ocrx_word' id='word_1_322' title='bbox 1091 2654 1141 2692; x_wconf 93' lang='lat' dir='ltr'><strong>non</strong></span> 
     </span>
     <span class='ocr_line' id='line_1_32' title="bbox 56 2711 967 2775; baseline -0.003 -13"><span class='ocrx_word' id='word_1_323' title='bbox 56 2715 109 2775; x_wconf 82' lang='lat' dir='ltr'><strong>rit,</strong></span> <span class='ocrx_word' id='word_1_324' title='bbox 119 2715 163 2775; x_wconf 89' lang='lat' dir='ltr'><strong>qni</strong></span> <span class='ocrx_word' id='word_1_325' title='bbox 178 2714 211 2761; x_wconf 82' lang='lat' dir='ltr'><strong>rit</strong></span> <span class='ocrx_word' id='word_1_326' title='bbox 226 2713 296 2759; x_wconf 81' lang='lat' dir='ltr'><strong>dives</strong></span> <span class='ocrx_word' id='word_1_327' title='bbox 311 2711 466 2772; x_wconf 72' lang='lat' dir='ltr'><strong>eternitate,</strong></span> <span class='ocrx_word' id='word_1_328' title='bbox 482 2713 587 2773; x_wconf 88' lang='lat' dir='ltr'><strong>quinon</strong></span> <span class='ocrx_word' id='word_1_329' title='bbox 611 2714 734 2772; x_wconf 69' lang='lat' dir='ltr'><strong>nmmum,</strong></span> <span class='ocrx_word' id='word_1_330' title='bbox 744 2713 789 2762; x_wconf 83' lang='lat' dir='ltr'><strong>aed</strong></span> <span class='ocrx_word' id='word_1_331' title='bbox 799 2713 909 2763; x_wconf 70' lang='lat' dir='ltr'><strong>mineum</strong></span> <span class='ocrx_word' id='word_1_332' title='bbox 920 2713 967 2761; x_wconf 83' lang='lat' dir='ltr'><strong>eat.</strong></span> 
     </span>
     <span class='ocr_line' id='line_1_33' title="bbox 56 2774 1139 2842; baseline 0 -12"><span class='ocrx_word' id='word_1_333' title='bbox 56 2794 146 2842; x_wconf 87' lang='lat' dir='ltr'><strong>opum,</strong></span> <span class='ocrx_word' id='word_1_334' title='bbox 164 2781 208 2829; x_wconf 90' lang='lat' dir='ltr'><strong>sed</strong></span> <span class='ocrx_word' id='word_1_335' title='bbox 219 2779 340 2827; x_wconf 77' lang='lat' dir='ltr'><strong>virtutum</strong></span> <span class='ocrx_word' id='word_1_336' title='bbox 350 2778 446 2829; x_wconf 78' lang='lat' dir='ltr'><strong>tructus</strong></span> <span class='ocrx_word' id='word_1_337' title='bbox 461 2781 586 2829; x_wconf 80' lang='lat' dir='ltr'><strong>recondat.</strong></span> <span class='ocrx_word' id='word_1_338' title='bbox 640 2780 664 2829; x_wconf 86' lang='grc'><strong>7.</strong></span> <span class='ocrx_word' id='word_1_339' title='bbox 674 2781 751 2829; x_wconf 83' lang='lat' dir='ltr'><strong>Dives</strong></span> <span class='ocrx_word' id='word_1_340' title='bbox 761 2781 861 2842; x_wconf 75' lang='lat' dir='ltr'><strong>Enoch,</strong></span> <span class='ocrx_word' id='word_1_341' title='bbox 872 2780 915 2842; x_wconf 89' lang='lat' dir='ltr'><strong>qul</strong></span> <span class='ocrx_word' id='word_1_342' title='bbox 926 2778 991 2840; x_wconf 89' lang='lat' dir='ltr'><strong>quod</strong></span> <span class='ocrx_word' id='word_1_343' title='bbox 1001 2774 1090 2829; x_wconf 84' lang='lat' dir='ltr'><strong>habuit</strong></span> <span class='ocrx_word' id='word_1_344' title='bbox 1098 2792 1139 2831; x_wconf 87' lang='lat' dir='ltr'><strong>se·</strong></span> 
     </span>
     <span class='ocr_line' id='line_1_34' title="bbox 56 2847 1140 2910; baseline 0.001 -13"><span class='ocrx_word' id='word_1_345' title='bbox 56 2847 586 2910; x_wconf 77' lang='lat' dir='ltr'><strong>Quisantemanteiieumdives,ulsiquie·</strong></span> <span class='ocrx_word' id='word_1_346' title='bbox 611 2861 666 2897; x_wconf 87' lang='lat' dir='ltr'><strong>eum</strong></span> <span class='ocrx_word' id='word_1_347' title='bbox 681 2850 822 2909; x_wconf 79' lang='lat' dir='ltr'><strong>trausttdlt,</strong></span> <span class='ocrx_word' id='word_1_348' title='bbox 833 2852 966 2898; x_wconf 88' lang='lat' dir='ltr'><strong>etomnem</strong></span> <span class='ocrx_word' id='word_1_349' title='bbox 982 2848 1052 2896; x_wconf 88' lang='lat' dir='ltr'><strong>iilum</strong></span> <span class='ocrx_word' id='word_1_350' title='bbox 1068 2850 1140 2898; x_wconf 86' lang='lat' dir='ltr'><strong>bonl-</strong></span> 
     </span>
     <span class='ocr_line' id='line_1_35' title="bbox 56 2914 1140 2976; baseline 0.003 -12"><span class='ocrx_word' id='word_1_351' title='bbox 56 2923 97 2964; x_wconf 87' lang='lat' dir='ltr'><strong>tus</strong></span> <span class='ocrx_word' id='word_1_352' title='bbox 107 2916 132 2962; x_wconf 89' lang='lat' dir='ltr'><strong>et</strong></span> <span class='ocrx_word' id='word_1_353' title='bbox 142 2914 267 2963; x_wconf 83' lang='lat' dir='ltr'><strong>modestus</strong></span> <span class='ocrx_word' id='word_1_354' title='bbox 274 2915 390 2975; x_wconf 86' lang='lat' dir='ltr'><strong>spiritus,</strong></span> <span class='ocrx_word' id='word_1_355' title='bbox 399 2917 443 2975; x_wconf 90' lang='lat' dir='ltr'><strong>qui</strong></span> <span class='ocrx_word' id='word_1_356' title='bbox 451 2928 586 2976; x_wconf 83' lang='lat' dir='ltr'><strong>numquam</strong></span> <span class='ocrx_word' id='word_1_357' title='bbox 610 2919 668 2968; x_wconf 82' lang='lat' dir='ltr'><strong>tutis</strong></span> <span class='ocrx_word' id='word_1_358' title='bbox 678 2933 728 2968; x_wconf 78' lang='lat' dir='ltr'><strong>oua</strong></span> <span class='ocrx_word' id='word_1_359' title='bbox 736 2931 838 2969; x_wconf 81' lang='lat' dir='ltr'><strong>aeneum</strong></span> <span class='ocrx_word' id='word_1_360' title='bbox 852 2918 993 2967; x_wconf 72' lang='lat' dir='ltr'><strong>celestius</strong></span> <span class='ocrx_word' id='word_1_361' title='bbox 1003 2916 1089 2968; x_wconf 90' lang='lat' dir='ltr'><strong>intulit</strong></span> <span class='ocrx_word' id='word_1_362' title='bbox 1099 2931 1140 2967; x_wconf 93' lang='lat' dir='ltr'><strong>re·</strong></span> 
     </span>
     <span class='ocr_line' id='line_1_36' title="bbox 56 2983 1139 3050; baseline 0.003 -17"><span class='ocrx_word' id='word_1_363' title='bbox 56 2983 239 3044; x_wconf 74' lang='lat' dir='ltr'><strong>corrumpitur!</strong></span> <span class='ocrx_word' id='word_1_364' title='bbox 247 2985 330 3032; x_wconf 82' lang='lat' dir='ltr'><strong>Nonne</strong></span> <span class='ocrx_word' id='word_1_365' title='bbox 340 2983 385 3032; x_wconf 83' lang='lat' dir='ltr'><strong>tint</strong></span> <span class='ocrx_word' id='word_1_366' title='bbox 394 2985 493 3035; x_wconf 85' lang='lat' dir='ltr'><strong>videtur</strong></span> <span class='ocrx_word' id='word_1_367' title='bbox 499 2984 585 3047; x_wconf 79' lang='lat' dir='ltr'><strong>dines,</strong></span> <span class='ocrx_word' id='word_1_368' title='bbox 609 2988 743 3047; x_wconf 83' lang='lat' dir='ltr'><strong>eeptaeutis</strong></span> <span class='ocrx_word' id='word_1_369' title='bbox 753 3000 761 3035; x_wconf 80' lang='lat' dir='ltr'><strong>s</strong></span> <span class='ocrx_word' id='word_1_370' title='bbox 771 2989 814 3050; x_wconf 90' lang='lat' dir='ltr'><strong>qui</strong></span> <span class='ocrx_word' id='word_1_371' title='bbox 825 2987 882 3037; x_wconf 88' lang='lat' dir='ltr'><strong>ideo</strong></span> <span class='ocrx_word' id='word_1_372' title='bbox 897 2989 979 3049; x_wconf 80' lang='lat' dir='ltr'><strong>raptas</strong></span> <span class='ocrx_word' id='word_1_373' title='bbox 990 2990 1038 3045; x_wconf 86' lang='lat' dir='ltr'><strong>est,</strong></span> <span class='ocrx_word' id='word_1_374' title='bbox 1054 3001 1084 3036; x_wconf 80' lang='lat' dir='ltr'><strong>ne</strong></span> <span class='ocrx_word' id='word_1_375' title='bbox 1098 3001 1139 3036; x_wconf 83' lang='lat' dir='ltr'><strong>cer</strong></span> 
     </span>
     <span class='ocr_line' id='line_1_37' title="bbox 54 3051 1137 3118; baseline 0.002 -15"><span class='ocrx_word' id='word_1_376' title='bbox 54 3053 99 3117; x_wconf 89' lang='lat' dir='ltr'><strong>qui</strong></span> <span class='ocrx_word' id='word_1_377' title='bbox 106 3051 181 3102; x_wconf 79' lang='lat' dir='ltr'><strong>tanet</strong></span> <span class='ocrx_word' id='word_1_378' title='bbox 190 3065 276 3114; x_wconf 77' lang='lat' dir='ltr'><strong>praem</strong></span> <span class='ocrx_word' id='word_1_379' title='bbox 283 3052 371 3111; x_wconf 87' lang='lat' dir='ltr'><strong>animi,</strong></span> <span class='ocrx_word' id='word_1_380' title='bbox 379 3054 584 3115; x_wconf 87' lang='lat' dir='ltr'><strong>tranquillitatem</strong></span> <span class='ocrx_word' id='word_1_381' title='bbox 608 3059 657 3115; x_wconf 77' lang='lat' dir='ltr'><strong>eius</strong></span> <span class='ocrx_word' id='word_1_382' title='bbox 672 3059 764 3107; x_wconf 86' lang='lat' dir='ltr'><strong>molitio</strong></span> <span class='ocrx_word' id='word_1_383' title='bbox 779 3059 891 3107; x_wconf 70' lang='lat' dir='ltr'><strong>memrot.</strong></span> <span class='ocrx_word' id='word_1_384' title='bbox 908 3056 985 3106; x_wconf 77' lang='lat' dir='ltr'><strong>nives</strong></span> <span class='ocrx_word' id='word_1_385' title='bbox 1000 3054 1079 3115; x_wconf 76' lang='lat' dir='ltr'><strong>niae,</strong></span> <span class='ocrx_word' id='word_1_386' title='bbox 1094 3058 1137 3118; x_wconf 89' lang='lat' dir='ltr'><strong>qui</strong></span> 
     </span>
     <span class='ocr_line' id='line_1_38' title="bbox 54 3122 1137 3188; baseline 0 -15"><span class='ocrx_word' id='word_1_387' title='bbox 54 3124 164 3188; x_wconf 74' lang='lat' dir='ltr'><strong>quietist</strong></span> <span class='ocrx_word' id='word_1_388' title='bbox 186 3124 215 3171; x_wconf 90' lang='lat' dir='ltr'><strong>nt</strong></span> <span class='ocrx_word' id='word_1_389' title='bbox 234 3122 300 3171; x_wconf 84' lang='lat' dir='ltr'><strong>nitll</strong></span> <span class='ocrx_word' id='word_1_390' title='bbox 320 3124 488 3187; x_wconf 87' lang='lat' dir='ltr'><strong>eonenpiseat,</strong></span> <span class='ocrx_word' id='word_1_391' title='bbox 508 3127 585 3176; x_wconf 86' lang='lat' dir='ltr'><strong>nullis</strong></span> <span class='ocrx_word' id='word_1_392' title='bbox 608 3126 1057 3175; x_wconf 83' lang='lat' dir='ltr'><strong>virtutumsusrumtheeaureeourru</strong></span> <span class='ocrx_word' id='word_1_393' title='bbox 1064 3124 1137 3185; x_wconf 55' lang='lat' dir='ltr'><strong>enee</strong></span> 
     </span>
     <span class='ocr_line' id='line_1_39' title="bbox 53 3190 1138 3254; baseline -0.001 -11"><span class='ocrx_word' id='word_1_394' title='bbox 53 3193 194 3253; x_wconf 61' lang='lat' dir='ltr'><strong>erantetur</strong></span> <span class='ocrx_word' id='word_1_395' title='bbox 208 3190 371 3252; x_wconf 77' lang='lat' dir='ltr'><strong>cupiditatum</strong></span> <span class='ocrx_word' id='word_1_396' title='bbox 389 3195 518 3254; x_wconf 77' lang='lat' dir='ltr'><strong>procellis,</strong></span> <span class='ocrx_word' id='word_1_397' title='bbox 537 3207 583 3244; x_wconf 88' lang='lat' dir='ltr'><strong>nee</strong></span> <span class='ocrx_word' id='word_1_398' title='bbox 607 3191 721 3243; x_wconf 81' lang='lat' dir='ltr'><strong>sublimis</strong></span> <span class='ocrx_word' id='word_1_399' title='bbox 736 3194 836 3246; x_wconf 84' lang='lat' dir='ltr'><strong>sedibus</strong></span> <span class='ocrx_word' id='word_1_400' title='bbox 850 3190 966 3242; x_wconf 76' lang='lat' dir='ltr'><strong>ethereis</strong></span> <span class='ocrx_word' id='word_1_401' title='bbox 983 3191 1090 3241; x_wconf 81' lang='lat' dir='ltr'><strong>invexit.</strong></span> <span class='ocrx_word' id='word_1_402' title='bbox 1107 3194 1138 3242; x_wconf 82' lang='lat' dir='ltr'><strong>rt</strong></span> 
     </span>
     <span class='ocr_line' id='line_1_40' title="bbox 53 3260 1136 3321; baseline 0 -10"><span class='ocrx_word' id='word_1_403' title='bbox 53 3264 139 3311; x_wconf 83' lang='lat' dir='ltr'><strong>velera</strong></span> <span class='ocrx_word' id='word_1_404' title='bbox 157 3260 279 3320; x_wconf 86' lang='lat' dir='ltr'><strong>iastidiat,</strong></span> <span class='ocrx_word' id='word_1_405' title='bbox 297 3262 324 3309; x_wconf 89' lang='lat' dir='ltr'><strong>et</strong></span> <span class='ocrx_word' id='word_1_406' title='bbox 342 3272 406 3308; x_wconf 85' lang='lat' dir='ltr'><strong>nova</strong></span> <span class='ocrx_word' id='word_1_407' title='bbox 425 3265 536 3321; x_wconf 81' lang='lat' dir='ltr'><strong>quaerat,</strong></span> <span class='ocrx_word' id='word_1_408' title='bbox 554 3266 581 3312; x_wconf 91' lang='lat' dir='ltr'><strong>at</strong></span> <span class='ocrx_word' id='word_1_409' title='bbox 608 3264 690 3310; x_wconf 89' lang='lat' dir='ltr'><strong>tamen</strong></span> <span class='ocrx_word' id='word_1_410' title='bbox 701 3263 807 3310; x_wconf 79' lang='lat' dir='ltr'><strong>isteron</strong></span> <span class='ocrx_word' id='word_1_411' title='bbox 821 3262 957 3310; x_wconf 87' lang='lat' dir='ltr'><strong>medioeres</strong></span> <span class='ocrx_word' id='word_1_412' title='bbox 973 3261 1075 3310; x_wconf 80' lang='lat' dir='ltr'><strong>divitias</strong></span> <span class='ocrx_word' id='word_1_413' title='bbox 1086 3262 1136 3311; x_wconf 77' lang='lat' dir='ltr'><strong>11ae-</strong></span> 
     </span>
     <span class='ocr_line' id='line_1_41' title="bbox 53 3326 1134 3390; baseline -0.003 -10"><span class='ocrx_word' id='word_1_414' title='bbox 53 3341 151 3390; x_wconf 91' lang='lat' dir='ltr'><strong>semper</strong></span> <span class='ocrx_word' id='word_1_415' title='bbox 162 3326 338 3386; x_wconf 87' lang='lat' dir='ltr'><strong>desiderando,</strong></span> <span class='ocrx_word' id='word_1_416' title='bbox 347 3326 391 3375; x_wconf 86' lang='lat' dir='ltr'><strong>tiat</strong></span> <span class='ocrx_word' id='word_1_417' title='bbox 399 3327 536 3378; x_wconf 87' lang='lat' dir='ltr'><strong>insummts</strong></span> <span class='ocrx_word' id='word_1_418' title='bbox 546 3330 583 3377; x_wconf 91' lang='lat' dir='ltr'><strong>di·</strong></span> <span class='ocrx_word' id='word_1_419' title='bbox 607 3331 662 3376; x_wconf 84' lang='lat' dir='ltr'><strong>redi</strong></span> <span class='ocrx_word' id='word_1_420' title='bbox 672 3329 787 3388; x_wconf 86' lang='lat' dir='ltr'><strong>reliquit,</strong></span> <span class='ocrx_word' id='word_1_421' title='bbox 796 3342 857 3387; x_wconf 86' lang='lat' dir='ltr'><strong>quas</strong></span> <span class='ocrx_word' id='word_1_422' title='bbox 866 3329 919 3387; x_wconf 88' lang='lat' dir='ltr'><strong>ipse</strong></span> <span class='ocrx_word' id='word_1_423' title='bbox 934 3340 984 3375; x_wconf 92' lang='lat' dir='ltr'><strong>non</strong></span> <span class='ocrx_word' id='word_1_424' title='bbox 1000 3329 1134 3378; x_wconf 88' lang='lat' dir='ltr'><strong>amitteret.</strong></span> 
     </span>
     <span class='ocr_line' id='line_1_42' title="bbox 53 3393 1135 3457; baseline -0.004 -8"><span class='ocrx_word' id='word_1_425' title='bbox 53 3400 123 3450; x_wconf 76' lang='lat' dir='ltr'><strong>vitiis</strong></span> <span class='ocrx_word' id='word_1_426' title='bbox 131 3393 217 3455; x_wconf 80' lang='lat' dir='ltr'><strong>inepti</strong></span> <span class='ocrx_word' id='word_1_427' title='bbox 606 3397 666 3454; x_wconf 80' lang='lat' dir='ltr'><strong>Quis</strong></span> <span class='ocrx_word' id='word_1_428' title='bbox 681 3397 746 3443; x_wconf 82' lang='lat' dir='ltr'><strong>hune</strong></span> <span class='ocrx_word' id='word_1_429' title='bbox 761 3408 894 3456; x_wconf 88' lang='lat' dir='ltr'><strong>pauperem</strong></span> <span class='ocrx_word' id='word_1_430' title='bbox 906 3395 946 3443; x_wconf 85' lang='lat' dir='ltr'><strong>rel</strong></span> <span class='ocrx_word' id='word_1_431' title='bbox 958 3397 1017 3444; x_wconf 88' lang='lat' dir='ltr'><strong>tune</strong></span> <span class='ocrx_word' id='word_1_432' title='bbox 1028 3397 1135 3457; x_wconf 86' lang='lat' dir='ltr'><strong>dixerit,</strong></span> 
     </span>
     <span class='ocr_line' id='line_1_43' title="bbox 83 3461 1135 3525; baseline -0.005 -11"><span class='ocrx_word' id='word_1_433' title='bbox 83 3467 108 3514; x_wconf 82' lang='lat' dir='ltr'><strong>t.</strong></span> <span class='ocrx_word' id='word_1_434' title='bbox 120 3467 154 3512; x_wconf 74' lang='lat' dir='ltr'><strong>Ea</strong></span> <span class='ocrx_word' id='word_1_435' title='bbox 166 3465 204 3512; x_wconf 86' lang='lat' dir='ltr'><strong>est</strong></span> <span class='ocrx_word' id='word_1_436' title='bbox 213 3476 263 3523; x_wconf 83' lang='lat' dir='ltr'><strong>pax</strong></span> <span class='ocrx_word' id='word_1_437' title='bbox 273 3474 333 3511; x_wconf 78' lang='lat' dir='ltr'><strong>rere</strong></span> <span class='ocrx_word' id='word_1_438' title='bbox 343 3462 428 3523; x_wconf 75' lang='lat' dir='ltr'><strong>diret,</strong></span> <span class='ocrx_word' id='word_1_439' title='bbox 439 3476 494 3524; x_wconf 75' lang='lat' dir='ltr'><strong>qna</strong></span> <span class='ocrx_word' id='word_1_440' title='bbox 509 3477 584 3525; x_wconf 88' lang='lat' dir='ltr'><strong>snpe-</strong></span> <span class='ocrx_word' id='word_1_441' title='bbox 608 3464 754 3510; x_wconf 80' lang='lat' dir='ltr'><strong>cumvictus</strong></span> <span class='ocrx_word' id='word_1_442' title='bbox 769 3462 905 3522; x_wconf 86' lang='lat' dir='ltr'><strong>quotidiani</strong></span> <span class='ocrx_word' id='word_1_443' title='bbox 920 3461 1034 3521; x_wconf 73' lang='lat' dir='ltr'><strong>indigens</strong></span> <span class='ocrx_word' id='word_1_444' title='bbox 1050 3463 1135 3510; x_wconf 86' lang='lat' dir='ltr'><strong>elimo·</strong></span> 
     </span>
     <span class='ocr_line' id='line_1_44' title="bbox 52 3529 1135 3590; baseline -0.004 -6"><span class='ocrx_word' id='word_1_445' title='bbox 52 3536 92 3585; x_wconf 88' lang='lat' dir='ltr'><strong>rat</strong></span> <span class='ocrx_word' id='word_1_446' title='bbox 103 3545 201 3582; x_wconf 92' lang='lat' dir='ltr'><strong>omnem</strong></span> <span class='ocrx_word' id='word_1_447' title='bbox 212 3532 331 3579; x_wconf 84' lang='lat' dir='ltr'><strong>mentem.</strong></span> <span class='ocrx_word' id='word_1_448' title='bbox 342 3531 418 3578; x_wconf 78' lang='lat' dir='ltr'><strong>Divos</strong></span> <span class='ocrx_word' id='word_1_449' title='bbox 434 3544 499 3590; x_wconf 80' lang='lat' dir='ltr'><strong>pax,</strong></span> <span class='ocrx_word' id='word_1_450' title='bbox 513 3530 583 3579; x_wconf 84' lang='lat' dir='ltr'><strong>dives</strong></span> <span class='ocrx_word' id='word_1_451' title='bbox 607 3533 663 3590; x_wconf 86' lang='lat' dir='ltr'><strong>nia,</strong></span> <span class='ocrx_word' id='word_1_452' title='bbox 674 3532 814 3579; x_wconf 84' lang='lat' dir='ltr'><strong>mitteretur</strong></span> <span class='ocrx_word' id='word_1_453' title='bbox 828 3531 860 3579; x_wconf 87' lang='lat' dir='ltr'><strong>ad</strong></span> <span class='ocrx_word' id='word_1_454' title='bbox 877 3529 991 3588; x_wconf 79' lang='lat' dir='ltr'><strong>viduam,</strong></span> <span class='ocrx_word' id='word_1_455' title='bbox 1006 3532 1035 3578; x_wconf 92' lang='lat' dir='ltr'><strong>ut</strong></span> <span class='ocrx_word' id='word_1_456' title='bbox 1051 3543 1135 3590; x_wconf 84' lang='lat' dir='ltr'><strong>pasee-</strong></span> 
     </span>
     <span class='ocr_line' id='line_1_45' title="bbox 53 3598 1135 3662; baseline -0.007 -6"><span class='ocrx_word' id='word_1_457' title='bbox 53 3604 188 3662; x_wconf 85' lang='lat' dir='ltr'><strong>medeetia,</strong></span> <span class='ocrx_word' id='word_1_458' title='bbox 201 3602 271 3650; x_wconf 82' lang='lat' dir='ltr'><strong>dives</strong></span> <span class='ocrx_word' id='word_1_459' title='bbox 282 3600 356 3659; x_wconf 86' lang='lat' dir='ltr'><strong>iides;</strong></span> <span class='ocrx_word' id='word_1_460' title='bbox 369 3601 442 3649; x_wconf 80' lang='lat' dir='ltr'><strong>Fidell</strong></span> <span class='ocrx_word' id='word_1_461' title='bbox 452 3603 514 3647; x_wconf 74' lang='lat' dir='ltr'><strong>eides</strong></span> <span class='ocrx_word' id='word_1_462' title='bbox 523 3604 583 3650; x_wconf 74' lang='lat' dir='ltr'><strong>tetur</strong></span> <span class='ocrx_word' id='word_1_463' title='bbox 607 3602 675 3648; x_wconf 90' lang='lat' dir='ltr'><strong>retur</strong></span> <span class='ocrx_word' id='word_1_464' title='bbox 685 3602 715 3648; x_wconf 83' lang='lat' dir='ltr'><strong>ab</strong></span> <span class='ocrx_word' id='word_1_465' title='bbox 726 3612 769 3660; x_wconf 67' lang='lat' dir='ltr'><strong>eaq</strong></span> <span class='ocrx_word' id='word_1_466' title='bbox 777 3599 873 3661; x_wconf 91' lang='lat' dir='ltr'><strong>quando</strong></span> <span class='ocrx_word' id='word_1_467' title='bbox 881 3600 913 3647; x_wconf 83' lang='lat' dir='ltr'><strong>ed</strong></span> <span class='ocrx_word' id='word_1_468' title='bbox 924 3598 978 3656; x_wconf 84' lang='lat' dir='ltr'><strong>ejus</strong></span> <span class='ocrx_word' id='word_1_469' title='bbox 986 3611 1073 3648; x_wconf 82' lang='lat' dir='ltr'><strong>vorem</strong></span> <span class='ocrx_word' id='word_1_470' title='bbox 1083 3613 1135 3648; x_wconf 80' lang='lat' dir='ltr'><strong>om-</strong></span> 
     </span>
     <span class='ocr_line' id='line_1_46' title="bbox 52 3666 1134 3732; baseline -0.006 -8"><span class='ocrx_word' id='word_1_471' title='bbox 52 3676 154 3725; x_wconf 78' lang='lat' dir='ltr'><strong>mundas</strong></span> <span class='ocrx_word' id='word_1_472' title='bbox 163 3668 581 3732; x_wconf 69' lang='lat' dir='ltr'><strong>pomereioesltdivessimpiieitasq</strong></span> <span class='ocrx_word' id='word_1_473' title='bbox 606 3669 853 3717; x_wconf 85' lang='lat' dir='ltr'><strong>lumolaudebaturet</strong></span> <span class='ocrx_word' id='word_1_474' title='bbox 860 3666 1028 3728; x_wconf 88' lang='lat' dir='ltr'><strong>aperiebatur,</strong></span> <span class='ocrx_word' id='word_1_475' title='bbox 1036 3669 1134 3730; x_wconf 84' lang='lat' dir='ltr'><strong>quaudo</strong></span> 
     </span>
     <span class='ocr_line' id='line_1_47' title="bbox 52 3737 1131 3801; baseline -0.005 -9"><span class='ocrx_word' id='word_1_476' title='bbox 52 3745 112 3792; x_wconf 88' lang='lat' dir='ltr'><strong>suut</strong></span> <span class='ocrx_word' id='word_1_477' title='bbox 120 3742 186 3791; x_wconf 89' lang='lat' dir='ltr'><strong>enim</strong></span> <span class='ocrx_word' id='word_1_478' title='bbox 199 3739 226 3787; x_wconf 87' lang='lat' dir='ltr'><strong>et</strong></span> <span class='ocrx_word' id='word_1_479' title='bbox 235 3738 329 3786; x_wconf 82' lang='lat' dir='ltr'><strong>divitias</strong></span> <span class='ocrx_word' id='word_1_480' title='bbox 338 3737 582 3798; x_wconf 81' lang='lat' dir='ltr'><strong>simplieitatie,quas</strong></span> <span class='ocrx_word' id='word_1_481' title='bbox 606 3738 1131 3801; x_wconf 77' lang='lat' dir='ltr'><strong>adejusverlsumisydriaiarirrmetvaselei</strong></span> 
     </span>
     <span class='ocr_line' id='line_1_48' title="bbox 53 3807 1133 3869; baseline -0.001 -9"><span class='ocrx_word' id='word_1_482' title='bbox 53 3811 117 3861; x_wconf 78' lang='lat' dir='ltr'><strong>anihil</strong></span> <span class='ocrx_word' id='word_1_483' title='bbox 127 3808 243 3866; x_wconf 78' lang='lat' dir='ltr'><strong>discutit,</strong></span> <span class='ocrx_word' id='word_1_484' title='bbox 256 3808 321 3855; x_wconf 82' lang='lat' dir='ltr'><strong>nihii</strong></span> <span class='ocrx_word' id='word_1_485' title='bbox 334 3807 500 3865; x_wconf 79' lang='lat' dir='ltr'><strong>eontrarium,</strong></span> <span class='ocrx_word' id='word_1_486' title='bbox 517 3807 581 3854; x_wconf 82' lang='lat' dir='ltr'><strong>nihil</strong></span> <span class='ocrx_word' id='word_1_487' title='bbox 605 3807 1133 3869; x_wconf 78' lang='lat' dir='ltr'><strong>nondeficieuatpsrtriennium,sedatun-</strong></span> 
     </span>
     <span class='ocr_line' id='line_1_49' title="bbox 53 3875 1132 3940; baseline -0.001 -11"><span class='ocrx_word' id='word_1_488' title='bbox 53 3881 208 3940; x_wconf 83' lang='lat' dir='ltr'><strong>suspeetum,</strong></span> <span class='ocrx_word' id='word_1_489' title='bbox 229 3877 272 3925; x_wconf 85' lang='lat' dir='ltr'><strong>aut</strong></span> <span class='ocrx_word' id='word_1_490' title='bbox 292 3875 476 3924; x_wconf 84' lang='lat' dir='ltr'><strong>iraudulentum</strong></span> <span class='ocrx_word' id='word_1_491' title='bbox 496 3878 581 3936; x_wconf 82' lang='lat' dir='ltr'><strong>putet,</strong></span> <span class='ocrx_word' id='word_1_492' title='bbox 606 3877 695 3924; x_wconf 76' lang='lat' dir='ltr'><strong>dabatr</strong></span> <span class='ocrx_word' id='word_1_493' title='bbox 707 3888 753 3924; x_wconf 88' lang='lat' dir='ltr'><strong>nee</strong></span> <span class='ocrx_word' id='word_1_494' title='bbox 763 3876 921 3925; x_wconf 89' lang='lat' dir='ltr'><strong>minuebatur</strong></span> <span class='ocrx_word' id='word_1_495' title='bbox 931 3879 1040 3938; x_wconf 85' lang='lat' dir='ltr'><strong>usu,sed</strong></span> <span class='ocrx_word' id='word_1_496' title='bbox 1050 3880 1132 3940; x_wconf 91' lang='lat' dir='ltr'><strong>reple·</strong></span> 
     </span>
     <span class='ocr_line' id='line_1_50' title="bbox 53 3945 1131 4009; baseline -0.001 -12"><span class='ocrx_word' id='word_1_497' title='bbox 53 3950 98 3997; x_wconf 83' lang='lat' dir='ltr'><strong>sed</strong></span> <span class='ocrx_word' id='word_1_498' title='bbox 108 3961 171 4008; x_wconf 88' lang='lat' dir='ltr'><strong>puro</strong></span> <span class='ocrx_word' id='word_1_499' title='bbox 178 3961 205 3996; x_wconf 90' lang='lat' dir='ltr'><strong>se</strong></span> <span class='ocrx_word' id='word_1_500' title='bbox 214 3945 295 3995; x_wconf 83' lang='lat' dir='ltr'><strong>tundit</strong></span> <span class='ocrx_word' id='word_1_501' title='bbox 304 3946 403 3994; x_wconf 85' lang='lat' dir='ltr'><strong>aiieotu.</strong></span> <span class='ocrx_word' id='word_1_502' title='bbox 605 3945 756 4008; x_wconf 82' lang='lat' dir='ltr'><strong>baluriQuis</strong></span> <span class='ocrx_word' id='word_1_503' title='bbox 763 3948 835 3994; x_wconf 90' lang='lat' dir='ltr'><strong>iilum</strong></span> <span class='ocrx_word' id='word_1_504' title='bbox 843 3959 976 4007; x_wconf 88' lang='lat' dir='ltr'><strong>pauperem</strong></span> <span class='ocrx_word' id='word_1_505' title='bbox 985 3949 1131 4009; x_wconf 88' lang='lat' dir='ltr'><strong>dixerit,ad</strong></span> 
     </span>
     <span class='ocr_line' id='line_1_51' title="bbox 83 4015 1130 4077; baseline 0.002 -16"><span class='ocrx_word' id='word_1_506' title='bbox 83 4018 107 4062; x_wconf 77' lang='lat'><strong>5.</strong></span> <span class='ocrx_word' id='word_1_507' title='bbox 119 4016 194 4063; x_wconf 79' lang='lat' dir='ltr'><strong>Diras</strong></span> <span class='ocrx_word' id='word_1_508' title='bbox 208 4015 402 4075; x_wconf 83' lang='lat' dir='ltr'><strong>bonitus,quam</strong></span> <span class='ocrx_word' id='word_1_509' title='bbox 418 4015 511 4076; x_wconf 85' lang='lat' dir='ltr'><strong>atquin</strong></span> <span class='ocrx_word' id='word_1_510' title='bbox 528 4026 581 4064; x_wconf 85' lang='lat' dir='ltr'><strong>ser·</strong></span> <span class='ocrx_word' id='word_1_511' title='bbox 604 4017 675 4075; x_wconf 81' lang='lat' dir='ltr'><strong>eujus</strong></span> <span class='ocrx_word' id='word_1_512' title='bbox 697 4017 848 4065; x_wconf 78' lang='lat' dir='ltr'><strong>veluntatem</strong></span> <span class='ocrx_word' id='word_1_513' title='bbox 870 4015 1033 4064; x_wconf 82' lang='lat' dir='ltr'><strong>deseendelsat</strong></span> <span class='ocrx_word' id='word_1_514' title='bbox 1054 4017 1130 4077; x_wconf 76' lang='lat' dir='ltr'><strong>iqnie,</strong></span> 
     </span>
     <span class='ocr_line' id='line_1_52' title="bbox 53 4083 1132 4146; baseline 0 -14"><span class='ocrx_word' id='word_1_515' title='bbox 53 4084 167 4141; x_wconf 80' lang='lat' dir='ltr'><strong>vanertt,</strong></span> <span class='ocrx_word' id='word_1_516' title='bbox 181 4084 290 4143; x_wconf 81' lang='lat' dir='ltr'><strong>pascitur</strong></span> <span class='ocrx_word' id='word_1_517' title='bbox 310 4085 337 4131; x_wconf 86' lang='lat' dir='ltr'><strong>la</strong></span> <span class='ocrx_word' id='word_1_518' title='bbox 356 4083 452 4133; x_wconf 82' lang='lat' dir='ltr'><strong>divitiis</strong></span> <span class='ocrx_word' id='word_1_519' title='bbox 472 4083 581 4133; x_wconf 69' lang='lat' dir='ltr'><strong>ooelmiie</strong></span> <span class='ocrx_word' id='word_1_520' title='bbox 604 4084 755 4146; x_wconf 83' lang='lat' dir='ltr'><strong>queminvia</strong></span> <span class='ocrx_word' id='word_1_521' title='bbox 764 4083 987 4133; x_wconf 81' lang='lat' dir='ltr'><strong>adistluminanen</strong></span> <span class='ocrx_word' id='word_1_522' title='bbox 999 4085 1132 4132; x_wconf 84' lang='lat' dir='ltr'><strong>ooneiude·</strong></span> 
     </span>
     <span class='ocr_line' id='line_1_53' title="bbox 52 4152 1127 4214; baseline -0.002 -12"><span class='ocrx_word' id='word_1_523' title='bbox 52 4152 218 4210; x_wconf 75' lang='lat' dir='ltr'><strong>isaereditstts3</strong></span> <span class='ocrx_word' id='word_1_524' title='bbox 231 4154 255 4200; x_wconf 90' lang='lat' dir='ltr'><strong>et</strong></span> <span class='ocrx_word' id='word_1_525' title='bbox 266 4154 293 4200; x_wconf 90' lang='lat' dir='ltr'><strong>ui</strong></span> <span class='ocrx_word' id='word_1_526' title='bbox 303 4153 481 4213; x_wconf 83' lang='lat' dir='ltr'><strong>antiquioribus</strong></span> <span class='ocrx_word' id='word_1_527' title='bbox 492 4165 581 4202; x_wconf 81' lang='lat' dir='ltr'><strong>exem·</strong></span> <span class='ocrx_word' id='word_1_528' title='bbox 604 4153 762 4213; x_wconf 87' lang='lat' dir='ltr'><strong>bent,sedin</strong></span> <span class='ocrx_word' id='word_1_529' title='bbox 771 4166 842 4203; x_wconf 87' lang='lat' dir='ltr'><strong>suum</strong></span> <span class='ocrx_word' id='word_1_530' title='bbox 854 4152 1127 4214; x_wconf 75' lang='lat' dir='ltr'><strong>tentomreeurretan13</strong></span> 
     </span>
     <span class='ocr_line' id='line_1_54' title="bbox 52 4221 1052 4294; baseline -0.002 -23"><span class='ocrx_word' id='word_1_531' title='bbox 52 4223 101 4281; x_wconf 85' lang='lat' dir='ltr'><strong>plis</strong></span> <span class='ocrx_word' id='word_1_532' title='bbox 111 4221 241 4278; x_wconf 77' lang='lat' dir='ltr'><strong>Scriptura</strong></span> <span class='ocrx_word' id='word_1_533' title='bbox 250 4225 361 4270; x_wconf 86' lang='lat' dir='ltr'><strong>utamur:</strong></span> <span class='ocrx_word' id='word_1_534' title='bbox 372 4225 470 4282; x_wconf 62' lang='lat' dir='ltr'><strong>moine,</strong></span> <span class='ocrx_word' id='word_1_535' title='bbox 482 4224 577 4285; x_wconf 90' lang='lat' dir='ltr'><strong>iuquit,</strong></span> <span class='ocrx_word' id='word_1_536' title='bbox 604 4226 633 4273; x_wconf 92' lang='lat' dir='ltr'><strong>ut</strong></span> <span class='ocrx_word' id='word_1_537' title='bbox 641 4223 706 4294; x_wconf 80' lang='lat' dir='ltr'><strong>sicce</strong></span> <span class='ocrx_word' id='word_1_538' title='bbox 718 4224 837 4285; x_wconf 84' lang='lat' dir='ltr'><strong>propheta</strong></span> <span class='ocrx_word' id='word_1_539' title='bbox 847 4223 962 4272; x_wconf 77' lang='lat' dir='ltr'><strong>uansiret</strong></span> <span class='ocrx_word' id='word_1_540' title='bbox 971 4222 1052 4283; x_wconf 87' lang='lat' dir='ltr'><strong>pedet</strong></span> 
     </span>
     <span class='ocr_line' id='line_1_55' title="bbox 952 4289 985 4333; baseline -0.212 1"><span class='ocrx_word' id='word_1_541' title='bbox 952 4289 985 4333; x_wconf 80' lang='lat' dir='ltr'><strong>ut.</strong></span> 
     </span>
    </p>
   </div>
   <div class='ocr_carea' id='block_1_3' title="bbox 0 0 1320 4784">
    <p class='ocr_par' dir='ltr' id='par_1_3' title="bbox 0 0 1320 4784">
     <span class='ocr_line' id='line_1_56' title="bbox 0 0 1320 4784; baseline 0 4"><span class='ocrx_word' id='word_1_542' title='bbox 0 0 1320 4784; x_wconf 95' lang='lat' dir='ltr'><strong> </strong></span> 
     </span>
    </p>
   </div>
  </div>
 </body>
</html>
