2632 4784
205 459 238 509 26
595 459 715 505 saecul
730 460 888 504 nunnosll

207 541 291 602 obitu,
301 538 459 602 sepultura),
470 553 509 590 vae
518 539 579 589 mibi
595 542 617 590 si
636 554 685 589 uon
697 541 736 588 di·
761 553 824 601 auge
833 555 840 589 ε
849 541 921 590 mitte
931 539 1050 600 incorpus
1059 539 1118 587 Jesu
1126 539 1200 588 fidem
1211 553 1288 589 resur·

206 611 304 662 lexeru!
314 609 397 659 Audeo
407 609 489 659 dicero
498 624 505 657 ε
515 622 564 658 uon
575 611 683 658 reddidit
692 612 737 657 Pe·
762 611 893 670 rectionis,
904 610 1003 658 odorem
1013 608 1141 668 Ecclesiu,
1153 611 1290 658 communis

206 682 272 737 trus,
284 681 310 727 et
322 677 377 726 ideo
391 678 447 739 plus
455 679 557 727 dilexit.
568 681 620 727 Non
629 678 736 726 reddidit
761 678 1029 738 mritatisuuguentum
1037 677 1076 737 ;et
1084 677 1118 724 ita
1130 678 1289 738 progrediens

207 746 310 795 Paulus?
328 746 446 796 Reddidit
458 749 560 808 quidem
576 748 680 794 mortem
692 758 736 806 pro
763 748 865 807 pauperi
885 747 963 794 dabis.
984 746 1040 793 Plus
1056 747 1103 793 tibi
1122 747 1232 807 pecunia
1247 748 1286 795 illa

206 816 295 874 morte,
303 815 400 863 sedulia
408 828 456 863 non
463 815 584 876 reddiclit3
594 815 735 875 quiamulta
761 816 885 876 proderit,
903 815 923 863 si
940 828 989 863 non
1004 816 1129 874 tamquam
1145 815 1286 863 affluentem

206 883 322 931 debebat.
330 884 392 931 Audi
402 884 481 944 ipsum
490 884 613 932 dicentem
621 884 679 944 quia
687 895 735 930 non
760 880 1285 943 tribuas,sedlamquamprotuturamclrrisll

206 952 331 1000 reddidit:
344 955 400 1015 Quis
416 956 553 1014 priordcdit
563 955 614 1010 illi,
633 956 654 1000 ct
664 953 734 1000 retri-
760 952 859 999 nomine
878 952 1009 1012 largiaris:
1024 952 1045 999 si
1061 951 1095 998 itu
1106 963 1162 998 eum
1178 952 1286 999 conteras

192 1003 289 1069 'burton
299 1021 339 1070 cii
355 1022 494 1071 Reddamus
510 1023 569 1070 licet
581 1034 680 1070 crucem
691 1034 735 1082 pro
761 1021 880 1080 paupert,
896 1024 925 1068 ut
941 1020 1151 1068 deterastrislo.
1168 1021 1222 1068 don
1234 1033 1285 1082 erqo

206 1101 289 1148 cruce,
300 1089 372 1138 tunus
383 1103 428 1150 pro
442 1091 541 1149 iuuere,
550 1089 735 1150 numquidred-
758 1088 829 1145 juxta
840 1090 947 1138 litteram
955 1088 1124 1136 tantummodo
1135 1089 1243 1149 accipias
1250 1103 1285 1138 su·

206 1158 286 1207 dimus
296 1161 361 1219 quod
380 1173 412 1207 ex
428 1161 494 1221 ipso,
508 1162 534 1210 et
545 1173 589 1221 per
601 1161 697 1219 ipsum,
708 1160 735 1207 et
760 1155 885 1216 pertusum
904 1157 980 1217 capiti
1008 1158 1162 1216 unguentum
1183 1170 1190 1202 ε
1214 1159 1285 1207 littera

205 1229 290 1289 inipso
299 1230 522 1281 habemusomuiai
531 1232 735 1288 Reddamuserqo
759 1228 821 1272 enim
836 1228 932 1286 occidit,·
950 1226 993 1273 sed
1007 1224 1144 1272 secuudum
1159 1225 1284 1288 spiritum,

204 1309 313 1344 amorem
324 1310 368 1359 pro
379 1300 476 1360 debito,
486 1301 614 1348 caritatem
626 1312 670 1359 pro
681 1312 735 1346 mu·
759 1294 818 1353 quia
826 1294 928 1354 spiritus
939 1294 990 1342 vita
1001 1295 1046 1341 eti.

205 1368 386 1426 uere,qratiam
395 1368 670 1428 prosauguiuispreti03
679 1367 735 1427 plus
789 1364 828 1411 50.
839 1365 973 1423 Quoderpo
983 1363 1054 1409 istius
1063 1362 1284 1425 mulierisunquen·

205 1434 272 1482 euim
283 1434 364 1494 diligit
374 1437 415 1484 cui
426 1437 531 1484 donatur
542 1438 656 1496 amplius.
760 1431 811 1478 tum
823 1432 877 1480 esti
888 1434 949 1492 Quis
960 1433 1006 1479 boc
1016 1432 1103 1478 audire
1122 1432 1220 1492 potest!
1230 1433 1284 1492 Quis

236 1502 274 1549 2⁷.
286 1502 335 1550 Sed
345 1505 498 1552 reuertamur
506 1505 536 1552 ad
544 1506 611 1552 illam
622 1504 735 1564 superio·
759 1503 821 1551 tutes
832 1504 1003 1563 succumbet,
1014 1504 1042 1550 ut
1056 1503 1155 1550 dicente
1166 1503 1225 1552 iesu
1233 1519 1284 1553 ver-

204 1583 272 1630 rem,
288 1571 359 1629 cujus
374 1573 503 1620 consilium
518 1574 598 1621 adbuc
613 1586 658 1620 nec
676 1585 734 1631 apo-
760 1572 818 1618 burn
830 1573 894 1633 quod
914 1573 1034 1631 accepita
1049 1572 1134 1629 Patro,
1151 1570 1228 1620 immo
1245 1572 1283 1634 qul

206 1639 260 1687 stoli
273 1639 423 1700 intelligunt,
432 1642 498 1701 quod
506 1643 558 1690 erat
566 1641 733 1688 uliscenditum
759 1639 812 1699 ipse
821 1643 928 1689 Verbum
942 1644 993 1699 est,
1004 1641 1081 1701 possit
1091 1641 1186 1687 lautam
1197 1644 1284 1702 myste·

205 1722 220 1757 a
238 1710 333 1757 suculis
352 1712 377 1757 in
397 1712 467 1759 Deo:
480 1714 536 1772 Quis
556 1715 617 1759 enim
632 1714 734 1771 coqnoeit
759 1709 790 1754 rii
801 1710 957 1757 altitudinem
968 1706 1072 1769 caperet
1083 1710 1113 1755 ut
1123 1707 1240 1769 discipuli
1256 1723 1284 1759 ex

204 1792 296 1828 mrum
308 1779 420 1826 Donnina't
442 1780 660 1839 conquerebantur
676 1793 734 1839 erpo
759 1780 829 1836 parte
837 1778 996 1838 intelligunt,
1009 1778 1054 1824 etsi
1068 1790 1115 1824 nou
1126 1777 1205 1826 totum
1217 1778 1283 1828 intel

204 1847 318 1907 discipuli
330 1849 387 1906 quia
402 1849 494 1896 mulier
504 1861 578 1908 super
589 1849 661 1908 caput
673 1850 734 1896 eltu-
760 1846 845 1905 ligant.
857 1848 925 1895 Unde
937 1848 962 1895 ct
979 1846 1078 1907 quidam
1095 1847 1184 1906 putant
1198 1848 1283 1899 duee

205 1915 242 1964 dit
255 1916 422 1975 unquentum,
435 1919 461 1963 et
471 1917 638 1975 querebantur
648 1917 733 1963 diceu-
759 1915 893 1975 discipulos
907 1917 1028 1975 unguenti
1047 1916 1127 1975 pretio
1145 1916 1196 1963 erni
1215 1918 1284 1967 fidem

204 1986 259 2032 tes:
271 1987 349 2045 Quare
365 1984 408 2031 troc
427 1987 460 2033 sic
476 1984 564 2045 periit?
580 1988 659 2033 Potuit
671 1987 733 2033 enim
758 1984 869 2040 pennum
881 1983 1012 2042 debuisse,
1023 1997 1078 2043 qun
1094 1984 1223 2042 sanguinis
1240 1987 1284 2036 Do-

204 2054 344 2102 ocnnnrdnri
363 2055 454 2113 pretio,
475 2056 497 2100 ct
511 2055 564 2100 dori
583 2054 732 2113 pauperibus.
758 2050 947 2098 minicitautum
961 2051 1041 2111 pretio
1052 2052 1204 2113 denotatum
1222 2055 1285 2117 quotl

204 2120 270 2180 Quid
283 2121 369 2179 utique
381 2120 536 2180 displicuerit
547 2122 642 2169 christo
653 2123 678 2168 iu
689 2135 732 2169 eo-
758 2118 857 2166 videtur
870 2121 1016 2167 verisimile.
1036 2120 1148 2180 Denique
1164 2122 1283 2172 lebannes

203 2201 259 2237 rum
266 2188 427 2248 sermonibus,
435 2202 484 2236 non
496 2191 587 2249 poteris
595 2190 733 2250 depreben-
758 2189 910 2248 Euangeliste
923 2189 1137 2237 inducitscrmoue
1145 2190 1217 2240 sude
1227 2193 1283 2242 lecu·

204 2256 280 2316 (lere,
292 2256 339 2304 uisi
355 2257 499 2317 mysterium
511 2259 646 2319 intelligas3
658 2261 732 2307 luxu.
757 2256 826 2304 riotis
841 2258 987 2304 estimatum
1001 2257 1121 2306 trecentis
1131 2258 1241 2309 denariis
1255 2263 1283 2310 il·

204 2324 263 2373 riost
282 2324 350 2372 cuim
369 2325 493 2386 bominis,
514 2328 554 2375 vel
576 2330 658 2388 potius
682 2340 732 2375 non
757 2325 800 2372 lud
819 2330 988 2386 unguentum,
1005 2327 1070 2375 sicut
1089 2326 1165 2375 trabes
1182 2342 1190 2375 a
1208 2323 1283 2381 Potuit

204 2394 312 2442 bominis
324 2396 361 2441 est
371 2395 438 2443 olere
451 2400 612 2456 unquentum.
624 2399 694 2444 Certe
707 2400 732 2444 ot
756 2399 818 2443 enim
837 2399 976 2445 venumdari
1000 2400 1104 2446 trecentis
1124 2400 1245 2461 umetis,
1262 2406 1283 2451 ct

202 2463 250 2524 ipsi
261 2462 304 2523 qul
315 2463 395 2523 olent,
413 2477 506 2524 ungere
520 2479 560 2525 so,
572 2465 733 2525 noupertun-
756 2464 810 2512 dari
826 2466 974 2526 pnrrpcmbus.
995 2467 1115 2514 Trecenta
1135 2469 1220 2517 aulem
1238 2484 1283 2520 err

202 2531 262 2580 dere
278 2532 366 2580 solent.
380 2533 444 2591 Quid
462 2547 519 2593 erqo
532 2534 660 2594 displicuit
674 2534 730 2594 quia
757 2535 837 2582 crucis
848 2536 943 2594 insigne
954 2537 1080 2584 declarant
1091 2550 1097 2582 ε
1110 2537 1156 2585 sed
1167 2539 1283 2589 Dominus

202 2601 358 2651 dictumest:
368 2605 730 2664 Potuittuocoenumdnriprclic,
756 2615 805 2669 uon
817 2604 1007 2664 perfunctoriam
1026 2604 1139 2664 mysterii
1155 2610 1283 2667 praescien-

203 2674 225 2720 ct
239 2673 293 2718 duri
306 2672 465 2731 pauperibus?
475 2674 545 2720 Certe
560 2672 647 2731 etipse
659 2686 730 2732 supra
756 2672 815 2718 liam
826 2673 925 2733 quaerit,
933 2674 976 2721 sed
985 2674 1133 2734 consepeliri
1141 2675 1204 2725 inse
1212 2676 1282 2728 tidem

203 2739 300 2787 dixerat
317 2741 452 2801 :Quidquid
468 2743 511 2788 uni
526 2743 678 2787 minimorum
688 2742 731 2788 bo·
756 2742 910 2789 credentium
922 2744 1026 2790 mauult.

203 2807 367 2865 censuistis,
383 2811 406 2856 et
423 2809 481 2856 mibi
497 2809 589 2867 fecistis.
610 2808 657 2854 Sed
677 2808 730 2868 ipse
785 2813 824 2858 dl.
837 2812 864 2858 ld
882 2814 965 2859 tamen
982 2812 1013 2859 de
1027 2813 1175 2863 ceterorum
1191 2819 1283 2879 aposto·

202 2877 305 2922 mortem
316 2888 383 2923 suain
392 2889 436 2937 pro
446 2876 729 2936 pauperibusolierebat.
755 2880 834 2928 lorum
845 2882 947 2929 uocibus
965 2882 1143 2942 intelligimus:
1155 2886 1231 2935 ludas
1243 2900 1283 2936 au·

232 2944 271 2991 28.
283 2944 334 2991 Nou
348 2945 384 2992 cst
401 2945 476 3004 iqitur
487 2944 593 3003 simplex
604 2945 692 3004 figura3
705 2949 730 2993 et
756 2951 806 2996 tem
817 2950 994 2997 condemnatur
1011 2952 1137 3011 avarities,
1148 2955 1193 3014 qui
1210 2969 1282 3016 pecu·

201 3012 258 3060 ideo
268 3013 395 3071 respondit
407 3013 456 3060 illis
472 3013 520 3059 Dei
531 3013 639 3059 Verbum
656 3018 729 3076 :Quid
754 3019 821 3066 niam
848 3020 983 3066 Dominicis
999 3021 1108 3079 pretulit
1131 3024 1281 3086 sepullum,

201 3082 291 3130 molesti
297 3083 350 3129 erlis
360 3082 412 3128 truie
420 3080 661 3142 mulieri...iscmper
669 3098 729 3144 pau·
754 3088 796 3148 qui
807 3087 903 3136 etiamsi
915 3087 946 3134 de
965 3088 1076 3146 passione
1088 3092 1182 3150 sensit,
1193 3096 1281 3144 errarit

199 3163 264 3211 peres
279 3149 367 3197 bebetis
383 3149 514 3207 vobiscum,
533 3153 663 3198 meantem
682 3167 729 3200 nou
754 3160 803 3205 tam
823 3168 880 3203 cara
895 3156 1008 3204 auctione
1020 3170 1026 3202 ε
1040 3157 1084 3204 vili
1096 3160 1150 3208 uult
1165 3149 1280 3212 aestimari

200 3217 305 3279 semper?
315 3217 416 3276 Semper
429 3230 486 3275 erpo
496 3220 578 3264 tecum
594 3232 727 3279 pauperem
753 3236 779 3270 se
790 3224 899 3271 cbristus
909 3257 917 3282 ,
927 3226 954 3271 ut
965 3225 995 3272 ub
1006 3227 1120 3274 omuibus
1130 3231 1238 3290 ematur,
1251 3245 1281 3282 ne

200 3286 290 3346 trabes,
302 3289 327 3334 et
335 3286 391 3333 ideo
401 3286 512 3333 benefac.
522 3287 583 3334 llum
596 3287 670 3347 igitur
679 3291 729 3339 dit·
752 3291 808 3351 quis
818 3304 911 3352 pauper
918 3292 1081 3341 deterreatur.
1091 3295 1181 3354 Gratas
1193 3298 1280 3362 inquit,

201 3353 266 3403 terre
285 3366 420 3413 pauperem
439 3353 528 3411 debes,
548 3356 606 3415 quia
630 3370 728 3419 semper
753 3364 886 3421 accepistis,
905 3365 977 3422 prolis
996 3366 1058 3410 date.
1080 3366 1214 3416 Pecuniam
1232 3383 1281 3419 noa

199 3422 283 3468 tecum
291 3422 340 3479 est,
351 3432 407 3466 cum
416 3421 460 3467 tibi
470 3422 588 3482 Propheta
596 3424 662 3473 dicat
674 3439 680 3471 ι
693 3429 727 3475 lte
752 3430 986 3488 quaeritdiritiarum
994 3433 1108 3492 altitudo,
1116 3435 1160 3483 sed
1168 3440 1281 3497 qratiam.

199 3489 288 3535 diceris
297 3489 424 3548 pauperi...
434 3490 492 3536 Cres
502 3490 632 3540 debo?Sed
642 3492 685 3541 ille
696 3494 727 3541 de
752 3500 806 3558 lpse
815 3513 858 3546 nos
866 3503 973 3559 pretioso
981 3503 1100 3563 sanquine
1110 3506 1225 3568 redemit,
1234 3523 1280 3559 nou

200 3555 251 3602 sola
267 3555 434 3602 misericordia
447 3557 543 3607 locutus
558 3561 595 3609 cst
606 3575 613 3607 :
626 3562 666 3610 liic
685 3575 728 3610 au·
753 3568 873 3616 vendidit.
890 3570 926 3617 De
945 3583 992 3630 qao
1008 3574 1108 3631 plenius
1127 3574 1278 3639 diceremus,

201 3625 252 3672 tem
263 3623 437 3673 misericordie
448 3626 521 3675 fidem
538 3632 661 3690 praculis,
672 3646 727 3691 quae
751 3637 798 3684 nisi
810 3650 824 3683 a
835 3639 906 3687 nobis
917 3640 976 3700 ipsis
987 3642 1118 3691 tractatum
1127 3644 1188 3693 alibi
1198 3660 1280 3696 rocon

201 3694 726 3762 tuucbubetmcrilum,sibdepraecedcule,
752 3705 874 3753 duremur.
1107 3744 1111 3750 .

200 3763 350 3812 conteratur.
361 3766 452 3816 ltittnu
462 3772 672 3831 enimunquentam
684 3772 726 3818 troc
781 3775 821 3822 52.
833 3777 892 3836 Ergo
904 3779 1039 3828 secuudum
1051 3781 1115 3829 dicta
1126 3783 1241 3846 Domini,
1251 3788 1279 3834 In

199 3832 225 3911 ln
233 3844 315 3890 c‘lilii‘⁸
323 3844 408 3890 samm,
419 3836 607 3896 “demolientium
616 3849 653 3883 mc
663 3837 725 3896 [ecit.
751 3857 795 3903 quo
817 3849 870 3892 sient
889 3847 995 3897 tlccsenri
1008 3852 1127 3908 sapientie
1142 3855 1165 3899 ct
1178 3856 1279 3903 scientie

199 3897 250 3978 lton
262 3912 318 3958 eruo
327 3905 481 3980 unquentum
492 3905 619 3963 Dominus,
630 3906 673 3952 sed
685 3918 726 3952 ca·
750 3912 885 3973 absconditi,
894 3928 1034 3974 quosnemo
1043 3918 1123 3976 potuit
1134 3922 1277 3980 previdere,

199 3969 298 4046 ntalem
308 3968 413 4031 dilexit,
424 3971 499 4021 idem
508 3972 631 4033 suscepit,
642 3973 726 4022 burul-
750 3980 845 4038 operari
857 3993 898 4028 me
906 3982 1002 4042 oportet
1013 3983 1039 4030 in
1050 3985 1276 4046 sepulturamque

200 4035 295 4084 limiti
312 4039 434 4098 Dmbavit.
751 4048 778 4094 ut
788 4060 843 4095 caro
851 4048 905 4106 cius
914 4050 1076 4111 requievisse,
1085 4065 1134 4101 uon
1142 4055 1276 4116 corruptio·

220 4104 725 4171 ib.Ettusidesidernsqratiam,ceritatem
750 4127 806 4163 nem
817 4115 908 4166 vidisse
918 4118 1050 4167 credatur:
1065 4121 1275 4184 etmorscorporis
