2632 4784
335 375 380 419 DE
396 375 542 420 seruitii
564 373 696 422 sencio
713 376 814 423 LIBER
830 378 879 422 ttt.
1118 375 1149 426 57

64 455 144 504 illusit
155 456 180 502 in
190 455 392 519 cordibusuostris
402 459 433 506 od
443 458 595 506 illuminatio·
651 459 690 506 9l.
701 459 727 505 ln
739 458 830 519 templo
842 460 923 506 autem
934 470 982 508 nou
991 460 1059 521 quusi
1068 472 1150 509 sucer-

61 537 117 571 sssor
127 527 229 572 scientie
239 525 353 575 claritatis
363 527 409 576 Dei
423 528 447 574 ιἰι
465 527 524 586 {octo
540 528 595 575 Iesu
619 523 674 583 (los,
683 538 729 573 nes
738 527 806 587 quusi
817 528 941 586 minister,
950 528 992 575 sed
1004 530 1073 588 qussi
1082 531 1160 577 item¹

61 593 161 642 Christi.
620 591 878 654 inhahitut3quoniam
892 594 945 655 ipse
956 596 1073 644 Dominus
1083 596 1149 644 (lixit

93 661 134 710 et.
146 661 240 721 Nempe
251 658 315 708 hanc
326 659 464 709 claritatem
479 660 593 709 viderunt
618 662 688 710 iesus
705 664 863 712 rtntiobitobo
878 667 903 711 in
919 666 979 722 iilis,
995 668 1017 713 et
1033 668 1095 714 inter
1110 666 1149 713 eoi

61 729 244 791 apostolicum
254 728 595 776 Dominusiesusdivlnitatis
618 731 757 791 αιιιιιιιιιιιος
774 735 796 779 et
811 747 851 780 ero
869 735 962 780 itionem
978 736 1055 791 Deus,
1067 737 1088 781 et
1105 735 1150 794 ipsi

61 812 113 847 sum
124 799 180 845 luce
192 796 218 844 in
235 797 318 843 monte
330 794 453 856 iniceret:
467 797 580 845 Viderunt
585 829 594 854 ,
618 803 686 847 erum
696 802 755 849 mitti
761 804 869 862 populus.
881 804 910 850 Et
921 803 999 849 David
1011 802 1089 850 dicit:
1099 805 1148 851 Do·

62 866 160 927 iniquit,
169 866 339 927 spostoii,etiu
347 867 429 924 {ouem
436 866 593 925 prociderunt.
618 871 694 917 minus
705 872 729 916 io
745 872 828 931 teinpto
839 875 919 920 sancto
935 886 985 920 suo.
998 873 1059 931 lirpo
1068 871 1148 931 Spiri-

24 976 27 982 ,
62 937 170 984 Putasne
180 936 236 982 illos
246 935 287 982 ret
298 947 353 981 cum
362 934 530 994 prociderent,
538 935 595 981 udo·
618 937 657 983 tus
673 938 766 987 habitat
778 940 803 986 in
819 940 911 999 tempto
922 940 1005 988 suneto
1016 953 1073 998 suo,
1084 940 1148 988 sieut

62 1018 143 1065 russe;
153 1017 209 1053 cum
218 1003 337 1063 tutiorem
345 1003 423 1051 divini
433 1003 535 1051 luminis
543 1016 594 1051 cor·
618 1004 1088 1068 tabitutt’uter,l1ubitutetiilius,qui
1098 1008 1146 1054 uit:

62 1072 408 1134 porstibusoculissustinere
419 1084 467 1119 non
480 1074 592 1134 possent,
618 1075 667 1134 Epo
683 1078 705 1123 et
722 1079 795 1124 Pater
813 1080 943 1135 essemus,
962 1081 984 1126 et
1002 1079 1156 1125 risorisiostest>

62 1146 89 1192 et
107 1143 222 1204 splendor
233 1141 301 1190 >lucis
312 1144 410 1189 aeternae
429 1141 508 1189 uelem
527 1143 594 1190 visus
617 1145 678 1203 opud
688 1158 741 1191 eum
752 1147 871 1205 sociemus.

61 1213 173 1262 sportulis
182 1210 452 1270 obducerettdutquid
459 1208 526 1259 uliud
535 1212 593 1260 tunc
647 1209 686 1258 92.
699 1213 872 1261 tranctantem
889 1213 915 1261 tu
931 1213 1003 1261 nobis
1020 1212 1092 1261 Pater
1102 1222 1149 1274 per

61 1281 182 1344 temporis
192 1280 309 1329 dixerunt
320 1280 355 1327 itti
367 1279 480 1328 videntes
492 1280 593 1342 uloripm
616 1279 747 1340 Spiritum,
758 1296 833 1343 quem
845 1283 914 1331 dedit
924 1284 1004 1331 nobis.
1023 1282 1157 1342 Quomodo·

62 1353 132 1411 eius,
143 1351 191 1398 uisi
203 1364 209 1397 :
223 1343 305 1399 Venite
312 1351 436 1397 udonmus
441 1382 449 1407 ,
457 1352 479 1396 et
488 1351 594 1410 procidu-
616 1351 693 1410 igitur
704 1354 782 1410 polest
798 1352 871 1400 simul
890 1352 972 1412 dispar
990 1363 1091 1398 munere
1103 1361 1148 1398 ns·

60 1435 114 1469 mur
124 1422 178 1467 onte
187 1433 240 1467 mm
248 1418 259 1465 t
268 1419 349 1466 illuxit
359 1418 424 1466 enirn
436 1421 499 1466 Deus
509 1421 533 1466 iu
544 1432 594 1466 cor·
617 1421 671 1466 turn
681 1419 691 1466 l
702 1421 792 1481 Utique
804 1434 852 1469 non
871 1423 960 1482 potest.
972 1421 1147 1468 transeuntem

61 1491 129 1538 itibus
141 1491 227 1538 nostris
239 1490 270 1536 od
281 1489 476 1535 illuminationem
493 1490 594 1536 scientie
617 1500 673 1535 cum
691 1490 762 1537 Putre
781 1493 807 1537 et
825 1491 886 1538 Filio
912 1490 1017 1550 Spiritus
1040 1489 1146 1537 sutrstus.

61 1555 395 1615 sturitmislteiintoeieicsu
406 1555 500 1604 Christi.
617 1558 685 1605 Unde
704 1561 729 1607 et
754 1561 883 1620 Apostolus
909 1571 965 1606 cum
989 1559 1067 1619 gratia
1086 1558 1146 1604 iesu

92 1625 132 1673 88.
143 1624 203 1682 Quis
214 1626 251 1673 est
269 1635 326 1684 ergo
337 1624 379 1684 qut
391 1623 489 1682 illuxit,
499 1624 527 1671 ut
537 1636 593 1685 eop-
615 1627 705 1675 christi
725 1630 751 1676 et
768 1622 870 1677 curitute
882 1628 928 1676 Dei
946 1626 1147 1675 communicatio-

61 1707 189 1742 uoscumus
203 1694 280 1742 Deum
293 1693 319 1740 in
330 1692 393 1740 tucio
410 1693 499 1740 christi
515 1694 593 1742 iesut
615 1707 673 1742 uem
684 1697 762 1745 suncti
780 1698 886 1757 Spiritus
901 1698 1025 1758 copulavit
1042 1696 1146 1743 dicensi

60 1763 132 1811 Dixit
147 1763 450 1821 enim,11tttciti)eur,ut
465 1774 593 1823 cognoscit·
616 1767 700 1814 Grotio
718 1771 814 1816 Domini
837 1771 912 1817 usuri
929 1772 984 1816 iesu
1010 1769 1108 1823 Christi,
1125 1769 1149 1815 et

60 1834 209 1881 turelaritas
225 1830 272 1878 Dei
291 1832 316 1878 itt
333 1830 395 1878 facie
406 1831 496 1878 Christi
514 1832 591 1879 Jesu:
616 1840 703 1886 caritas
721 1840 780 1895 Dei,
803 1840 824 1885 et
843 1838 1023 1885 communicatio
1044 1837 1145 1897 Spiritus

60 1915 137 1962 tillem
151 1901 265 1962 putamus
280 1900 355 1946 ulium
367 1901 457 1960 pl'aelet'
474 1899 592 1959 Spiritum
616 1909 748 1953 cancticum
758 1906 947 1954 oninibusvobis.

62 1970 229 2018 declaratum?
241 1970 289 2018 Aut
304 1969 360 2030 quis
376 1969 413 2016 est
429 1969 493 2016 etius
504 1970 593 2030 praeter
646 1976 685 2023 93.
697 1975 851 2022 Advertimus
863 1975 938 2034 igitur
953 1972 1019 2034 quod
1033 1972 1105 2020 Peter
1120 1972 1152 2020 et

61 2040 180 2098 Spiritum
196 2041 319 2097 sanctum,
337 2039 377 2084 cui
396 2038 533 2085 divinitatis
550 2050 592 2097 po·
616 2044 691 2090 Filius
700 2045 725 2091 et
733 2044 838 2103 Spiritus
846 2046 944 2090 salustus
953 2043 978 2089 in
990 2055 1039 2090 uno
1047 2042 1147 2090 eodem·

62 2110 141 2158 tentia
159 2107 299 2157 deteratur?
317 2107 364 2165 Qui
387 2107 454 2154 enim
473 2107 591 2166 Spiritum
615 2125 662 2171 qise
674 2125 718 2172 per
734 2114 828 2160 nuturae
843 2113 953 2169 eiusdem
965 2112 1080 2159 moneant
1091 2111 1146 2159 unt·

62 2178 210 2237 excludunt,
219 2189 319 2225 necesse
332 2178 369 2223 est
380 2175 497 2223 inducunt
506 2177 591 2236 ulium,
616 2184 700 2229 tutem.
713 2183 774 2242 Ergo
790 2182 881 2230 divinae
898 2184 936 2230 est
950 2181 1090 2241 potestatis,
1102 2180 1146 2240 qui

60 2251 103 2311 spui
120 2261 176 2296 cum
186 2248 257 2293 Putre
274 2247 299 2293 et
308 2243 370 2291 Filio
381 2243 483 2305 gloriam
499 2242 592 2291 divini·
616 2251 710 2298 tiatiitut
721 2249 746 2297 iu
763 2252 869 2311 tempto;
881 2251 1021 2298 sicutenim
1033 2250 1110 2297 Putris
1120 2251 1151 2298 et

60 2320 119 2367 tatis
132 2316 246 2375 resipiat.
615 2319 684 2380 titii,
697 2322 731 2368 ita
742 2323 768 2368 et
778 2320 884 2380 Spiritus
895 2320 972 2368 suncti
984 2332 1069 2366 sumus
1081 2320 1145 2366 tem·

90 2389 131 2438 89.
145 2386 235 2435 Eadem
251 2384 328 2445 ipitur
345 2382 419 2431 rerba
431 2386 590 2444 repetamus:
615 2390 701 2448 plum:
718 2402 767 2436 non
789 2390 866 2437 multu
885 2390 991 2448 tempto,
1008 2388 1052 2435 sed
1069 2399 1146 2434 unum

60 2461 123 2505 linis
137 2459 171 2504 est
189 2456 230 2515 qui
246 2453 327 2500 illusit
345 2453 376 2498 od
396 2452 591 2499 illuminationem
616 2458 746 2516 templum3
759 2457 817 2518 quiu
832 2458 906 2506 uilius
918 2457 1038 2517 templum
1050 2456 1088 2503 est
1101 2464 1144 2513 po·

61 2527 173 2573 iteritatis
181 2526 225 2571 Dei
233 2524 258 2569 in
269 2522 328 2580 tocie
337 2523 393 2568 iesu
405 2521 499 2568 Christi.
511 2521 591 2568 Habes
616 2525 720 2573 testatis.
1140 2544 1143 2549 ·

60 2594 183 2642 Ctuistum
200 2590 329 2638 euidenter
347 2600 500 2649 expressum.
517 2589 590 2646 Cuius
834 2598 930 2612 ····

61 2675 118 2723 erpo
132 2660 231 2710 claritas
252 2658 395 2707 illuminare
417 2656 523 2715 dicitur,
541 2657 590 2706 uisi
755 2657 883 2712 CAPUT
900 2658 989 2709 xm.

59 2729 274 2811 Spiritufflpwm
286 2739 343 2807 erg?
359 2727 444 2822 uelim,
455 2727 589 2806 cupressu,
614 2767 770 2816 objicientibus
778 2769 902 2817 eutholisor,
910 2769 964 2809 dum
976 2767 1065 2818 Spiritui
1074 2767 1146 2807 rdtrl·

60 2813 118 2860 sputa
137 2800 272 2847 claritatem
292 2797 338 2842 Det
357 2795 443 2842 dixit.
463 2807 483 2841 si
499 2795 588 2856 Putris,
636 2822 863 2866 hunnimundum,
876 2824 974 2863 inuisos
985 2823 1152 2869 inducere,ss--

60 2871 173 2932 superest
182 2870 215 2916 tii
225 2869 266 2929 qui
282 2869 343 2914 dixit
360 2868 386 2913 de
398 2865 495 2914 iettt’brt't
512 2867 589 2914 tttmett
636 2882 752 2927 torquetur
760 2878 786 2917 sb
796 2880 841 2927 ipsis
848 2879 978 2917 obsumdsrn
987 2889 1070 2917 cauum
1080 2877 1145 2916 indu·

59 2943 225 3001 splendescere,
234 2940 255 2984 et
264 2938 342 2984 illuxit
349 2938 373 2982 in
381 2936 488 2983 cordibus
496 2939 589 2996 noctiis,
636 2936 655 2973 ct
664 2935 717 2972 duos
725 2934 783 2999 (3⁶0³.
794 2935 833 2972 ⁰2⁸1
845 2934 979 2998 divinitatem
988 2934 1043 2973 Filio
1054 2943 1145 2998 nepiss-

60 3010 167 3070 Spiritus
196 3007 295 3054 sanctus
320 3005 487 3064 intelligam
514 3005 589 3051 apium
636 2989 687 3026 rint.
699 2989 1009 3031 Deindsorthodonidootrsna
1018 2992 1141 3036 exponitur.

60 3080 129 3125 einim
147 3090 195 3125 nou
212 3087 340 3137 possumus
356 3087 411 3121 cunt
430 3075 501 3121 Putre
516 3074 590 3122 i’itio·
644 3073 683 3121 99.
693 3074 742 3121 Suo
753 3074 811 3134 quid
821 3075 997 3132 veremini,uu
1008 3072 1144 3132 illudquod

60 3159 110 3206 «pue
122 3145 242 3193 venerari.
255 3144 280 3191 Si
293 3144 370 3201 igitur
386 3143 504 3202 Spiritum
516 3142 590 3189 intel·
614 3141 734 3187 oblatrare
758 3141 905 3197 consuestis,
925 3153 957 3186 ne
978 3143 1029 3186 tres
1048 3140 1144 3187 iactatis

62 3213 131 3273 linis,
142 3215 168 3261 et
182 3214 247 3260 huuc
265 3211 393 3273 Apostolus
412 3212 491 3257 Deum
510 3209 589 3270 dixit3
615 3208 779 3266 deoslAbsit3
792 3208 834 3253 ubi
843 3208 909 3254 enlm
920 3220 969 3253 unu
980 3208 1057 3253 deitas
1069 3207 1144 3255 intet-

62 3294 164 3330 neeesse
183 3282 219 3329 est
241 3281 316 3342 igitur
342 3279 462 3327 deitatem
485 3278 590 3338 Spiritus
615 3277 787 3336 ttpttumunus
799 3277 864 3323 Deus
874 3276 972 3322 dicitur.
981 3276 1063 3333 Neque
1076 3276 1143 3322 enim

62 3351 192 3398 etiumvos
201 3347 334 3407 luteumiui,
343 3348 384 3408 qui
394 3347 489 3406 negatis
615 3359 669 3392 cnm
681 3345 768 3391 illium
787 3345 864 3391 Deum
876 3343 993 3403 dicimus,
1009 3342 1069 3388 duos
1084 3342 1143 3392 deos

92 3419 132 3466 90.
152 3418 198 3466 Sed
214 3431 286 3477 quum
305 3416 462 3476 impudenter
481 3413 589 3474 negatis,
615 3414 728 3460 dicimus.
741 3414 801 3460 Num
811 3414 832 3460 sl
843 3425 898 3459 curn
909 3412 1025 3460 deitatem
1037 3411 1142 3473 Spiritus

60 3500 117 3535 cum
128 3487 237 3547 legeritis
247 3487 305 3545 quin
317 3485 436 3545 ternplum
449 3483 524 3530 habet
535 3482 591 3542 Spi-
615 3483 781 3541 confitemini,
790 3482 880 3542 putetis
889 3484 938 3529 tres
948 3480 1076 3529 deostlici:
1085 3494 1142 3541 ergo

60 3556 121 3604 ritus
129 3554 239 3603 sanctus!
250 3555 374 3613 Scriptum
382 3555 419 3600 est
428 3552 495 3599 enim
505 3565 512 3597 t
524 3553 590 3598 Tem·
614 3553 705 3598 etcum
716 3551 834 3598 deluton
850 3551 906 3597 Filii
917 3550 1012 3609 dicitis,
1023 3551 1080 3610 quia
1092 3563 1142 3599 non

57 3626 124 3685 ,sitim
140 3627 185 3673 Dei
199 3639 240 3672 uos
257 3627 323 3680 estis,
339 3626 360 3670 et
382 3625 481 3681 spiritus
495 3623 590 3669 sanctus
614 3621 716 3680 potestis
735 3633 790 3666 eum
814 3632 916 3679 negare,
941 3620 1001 3667 duos
1026 3620 1143 3668 inducitis

60 3693 151 3740 liubitot
160 3696 185 3739 in
195 3693 267 3740 cotis.
278 3694 343 3738 [teus
354 3704 410 3751 ergo
419 3690 536 3749 temptum
547 3690 590 3735 lia·
614 3691 680 3738 deos.
698 3690 801 3736 Necesse
813 3691 850 3735 est
868 3689 943 3747 igitur
957 3689 1028 3747 juxta
1042 3690 1144 3735 senten-

60 3761 117 3821 liet,
132 3762 244 3808 creatura
264 3761 382 3819 templum
399 3771 447 3805 non
465 3758 539 3804 habet
548 3770 591 3804 ve·
615 3761 673 3806 tiam
685 3760 804 3815 vestrum,
815 3756 922 3804 silicum
933 3769 1042 3816 personm
1053 3758 1141 3815 unius,

59 3841 124 3876 rum.
143 3830 249 3888 Spiritus
265 3832 346 3876 uutem
363 3829 438 3875 liutet
456 3829 589 3886 tempium,
614 3839 661 3874 non
674 3827 747 3873 unius
758 3825 852 3872 naturis
868 3836 956 3872 nornen
974 3825 1079 3885 putatis,
1099 3823 1142 3869 unt

59 3899 102 3957 spui
111 3898 205 3947 inabitat
217 3900 242 3945 iu
254 3899 332 3945 nohis.
342 3900 401 3944 Nam
410 3898 527 3957 scripturn
539 3899 588 3943 est:
614 3898 673 3943 dnos
683 3897 740 3944 deos
750 3895 849 3955 dicatis,
858 3895 901 3943 uui
911 3894 988 3942 Derim
998 3894 1084 3940 Filium
1096 3892 1140 3938 de·

59 3971 122 4027 Quis
137 3969 242 4017 suemirro
259 3972 336 4017 oestro
348 3969 456 4028 temptum
466 3970 520 4016 stent
539 3969 591 4028 Spi·
615 3965 717 4025 uegetis.

60 4039 212 4086 sttussuucti.
645 4033 683 4080 93.
693 4032 740 4079 Sed
751 4043 896 4080 excusemus
906 4043 949 4081 nos
960 4031 990 4078 ub
1001 4027 1131 4076 inscientia
