2632 4784
338 489 520 535 Eiti‘OStTto
539 490 572 534 rra
592 489 717 542 socan.
734 492 833 537 nisan
847 493 981 537 sexrns.
1166 464 1196 541 aa

123 568 183 627 riter,
190 569 298 630 psallere
307 570 460 630 spiritaliter.
469 572 558 619 Docuit
566 570 641 619 eliam
665 571 726 620 dicit
746 586 752 620 :
769 575 828 621 Ecce
843 589 897 635 eqo,
913 578 936 623 et
951 576 1021 636 paeri
1038 589 1096 637 qam
1116 576 1195 626 deditii

123 640 196 685 uitare
211 639 357 698 sapienter,
375 640 474 689 dicente
490 641 595 688 homino
609 640 640 687 ab
666 640 732 688 mihi.
740 639 789 688 Sed
796 641 842 688 hoc
850 642 973 689 canticum
980 653 1030 690 nou
1040 641 1067 689 lo
1078 642 1139 702 loro,
1147 655 1196 692 non

120 704 236 755 tnehiei:
248 710 340 755 Plaude
347 713 463 767 mana,et
471 711 640 770 percatepedc3
666 708 693 754 in
709 708 797 769 plateis
811 711 946 759 canebatur
959 724 966 759 r
983 710 1026 758 sed
1037 711 1064 759 in
1078 711 1197 761 Hierusa-

118 786 189 835 aaque
203 777 274 823 eninr
289 778 446 826 iiistrionicos
461 778 522 825 huxi
533 778 641 838 corporis
666 778 729 838 lem;
741 779 793 838 ipsa
804 780 919 826 ostentm
932 780 1087 828 homiuicum
1099 780 1194 840 torum,

115 854 188 891 motus
206 847 276 893 Deus
294 859 390 894 morum
409 859 495 895 censor
513 847 640 908 exigeret,
666 847 690 894 lu
714 861 763 909 quo
783 850 961 910 preceptorum
982 848 1119 898 eoelestium
1137 849 1195 909 jura

112 917 148 960 aut
156 913 286 961 indecoros
295 916 405 976 crepitus
413 916 483 974 viris,
491 915 640 976 plaususque
665 915 811 964 conduntur.

113 983 228 1030 lemrueos
237 986 387 1045 imperaret3
397 987 425 1033 ut
434 987 526 1034 tanturn
536 986 639 1047 prophe·
677 991 705 1032 v.
716 993 747 1032 tt.
758 994 782 1032 ui
791 1004 839 1032 aem
848 996 928 1034 murier
940 1006 991 1045 qua
999 999 1044 1034 erar
1059 996 1080 1033 tn
1095 995 1180 1034 civitam

112 1051 156 1097 tam
165 1050 305 1101 deduceret
316 1053 347 1100 ad
357 1054 463 1102 ludibria
473 1056 638 1112 scenicorum,
867 1051 979 1097 peccatrix.

111 1119 133 1163 et
149 1119 236 1165 mollia
260 1118 416 1166 teminorum.
434 1121 485 1167 iton
504 1121 640 1181 congruunt
699 1119 738 1167 li.
759 1121 809 1168 iioc
829 1119 882 1168 loco
903 1120 1015 1181 plerique
1036 1122 1087 1184 pati
1107 1121 1194 1170 viden·

110 1188 297 1235 resurrectionls
304 1189 412 1236 revelata
421 1188 550 1249 mysteria,
561 1191 587 1236 et
597 1202 639 1249 op·
664 1187 704 1235 tur
720 1189 879 1250 scrupulum,
894 1191 920 1237 ct
935 1202 1016 1238 serere
1032 1191 1193 1251 questiones,

110 1256 203 1316 prohn'a
211 1258 349 1305 saltationis
359 1260 454 1306 exacta.
463 1259 527 1306 Sane
536 1259 573 1305 est
583 1260 639 1319 qui·
663 1259 804 1305 utrumnam
820 1257 952 1307 videantur
968 1261 1125 1319 evangelista
1145 1258 1193 1307 ‹luo

109 1325 158 1370 «lam
174 1326 292 1386 proprius
309 1326 429 1373 bonorum
447 1329 546 1374 actuum
563 1327 639 1375 lacto-
663 1324 813 1372 discordasse
831 1325 861 1373 de
880 1326 927 1373 lide
944 1340 951 1372 r
967 1339 999 1374 an
1014 1340 1073 1374 vero
1084 1326 1192 1386 aliquam

110 1406 208 1454 rumque
225 1394 422 1453 plausus,cujus
434 1396 638 1444 sonusinorbem
663 1393 689 1439 iu
714 1393 836 1441 dictorum
857 1394 1002 1443 diversitate
1023 1394 1191 1441 diversitatem

110 1463 193 1520 meat,
202 1465 227 1510 et
237 1463 302 1509 bene
310 1464 432 1521 gestorum
440 1463 637 1524 resultetqioria.
662 1461 758 1521 signare
774 1463 879 1511 voluisse
891 1461 1019 1524 mysterii!
1030 1463 1112 1510 liabeo
1123 1462 1191 1509 enim

111 1530 134 1576 it
148 1531 252 1578 honesta
265 1529 377 1588 saltatio,
387 1543 436 1590 qua
451 1531 571 1591 tripudiat
584 1533 639 1580 ani·
664 1530 687 1576 in
697 1530 968 1590 braaqeliosecundunr
976 1528 1192 1589 ltlatthaeum,qula

111 1612 172 1658 inus,
181 1603 207 1648 et
215 1600 289 1648 bonis
297 1612 383 1658 corpus
391 1599 637 1662 operibus.elevatur;
662 1600 728 1647 icam
738 1613 792 1646 cam
802 1602 898 1648 mutnet
910 1601 934 1647 io
945 1600 1094 1656 bethaniam,
1110 1600 1134 1645 in
1149 1600 1192 1646 iio·

110 1669 204 1727 «qnando
218 1671 246 1717 in
262 1669 379 1718 salicibus
392 1681 482 1731 organa
492 1671 573 1718 nostra
584 1683 637 1721 sus
661 1680 727 1714 mum
745 1670 846 1717 simonia
862 1670 960 1729 leprosi,
977 1669 1071 1715 mceeait
1091 1669 1122 1713 mt
1137 1678 1191 1713 eam

111 1737 247 1796 pendimus.
661 1737 745 1784 molier
754 1737 843 1785 tabem
856 1737 1002 1785 mohaatram
1019 1737 1132 1796 anpamti
1139 1748 1192 1796 pre·

136 1808 163 1855 e.
177 1809 283 1857 iubetur
304 1821 361 1870 erpo
379 1809 498 1870 propbeta
518 1809 636 1871 plaudere
662 1809 729 1863 emi,
747 1811 769 1855 et
783 1807 927 1855 recumbente
938 1808 990 1862 itio,
1002 1806 1061 1865 fodit
1073 1818 1192 1864 caperra-

111 1889 200 1936 mano,
226 1879 252 1925 et
270 1880 401 1938 permetere
420 1877 484 1938 petie
508 1891 515 1923 r
534 1879 637 1938 jubetur
659 1878 701 1935 pati
712 1876 769 1934 eiua.
783 1875 879 1922 Deinde
890 1875 945 1922 istic
961 1875 1116 1921 :leriaoem
1127 1875 1192 1921 intra

111 1947 226 2004 psallere3
237 1946 294 2006 quia
303 1945 387 2005 sponsi
398 1945 497 2006 nuptias
505 1945 555 2003 lam
567 1946 637 1993 vide·
661 1957 685 1990 ac
695 1944 750 1989 dicit
756 1975 764 1999 ,
772 1945 832 2003 qaod
839 1945 860 1991 ai
867 1946 923 1990 earet
931 1943 1044 2002 propticlo
1049 1973 1058 1998 ,
1066 1943 1134 1990 sciret
1140 1954 1192 2002 pec·

114 2014 165 2073 bat,
183 2013 209 2059 in
224 2014 314 2073 quihus
334 2013 496 2073 desponsatur
511 2013 637 2066 Ecclesia,
662 2015 785 2069 actricem,
802 2015 824 2059 ct
838 2014 982 2072 respuentem
997 2011 1047 2069 cim
1061 2012 1136 2058 vilare
1151 2012 1193 2059 de·

114 2080 222 2129 ebriatus
237 2081 371 2129 admatur.
389 2082 418 2130 et
437 2082 510 2129 bonae
527 2082 636 2142 napum
663 2079 733 2127 heret.
758 2080 811 2128 illie
832 2080 959 2139 unquento
979 2080 1056 2128 eliuso
1076 2078 1191 2139 discipuli

112 2149 208 2209 quando
218 2149 295 2197 Verbo
304 2151 401 2210 anima,
412 2149 510 2208 spiritui
522 2161 580 2197 caro
591 2162 637 2197 nu·
661 2149 853 2209 conqueruntur.
865 2148 1001 2208 Utrumque
1018 2147 1093 2209 lqitur
1108 2146 1192 2209 expll-

110 2218 154 2265 bit.
167 2220 194 2266 tn
208 2218 248 2265 bia
257 2216 378 2278 propheta
392 2218 472 2266 David
487 2218 583 2279 nuptiis
598 2218 636 2266 lu·
661 2219 765 2265 cantium
779 2221 829 2279 est,
840 2217 884 2266 seii
898 2218 956 2265 ante
969 2217 1034 2279 quod
1043 2216 1191 2277 scriptoram

109 2288 165 2334 dere
176 2301 221 2335 nos
233 2288 324 2346 voluit,
335 2287 367 2334 ad
378 2287 422 2335 has
436 2286 565 2346 inritaril;
576 2287 635 2349 qnia
660 2285 746 2333 ordine
757 2289 824 2345 prins
835 2286 887 2344 cst,
899 2286 1006 2346 priorem
1015 2297 1114 2347 quoque
1122 2284 1190 2335 cill-

108 2370 161 2403 snos
171 2358 282 2417 posteros
293 2356 423 2416 copulabat
434 2368 441 2402 r
453 2354 479 2403 et
489 2354 545 2404 ideo
556 2357 635 2404 iaetior
661 2366 717 2402 nern
728 2355 939 2417 interpretationis
947 2354 1061 2414 accipiat.

107 2427 285 2485 quamcaeteri,
295 2424 362 2485 quasi
372 2424 460 2484 inipso
470 2426 527 2472 actu
538 2426 634 2485 nuptia-
691 2424 729 2470 lb.
742 2425 815 2471 Venit
827 2437 884 2481 erqo
895 2423 1016 2470 Dominus
1028 2423 1099 2470 iesus
1107 2423 1134 2471 lu
1145 2422 1190 2472 do·

109 2507 158 2540 rum
169 2495 279 2554 mutus,
290 2506 335 2541 noa
349 2492 381 2541 ad
398 2493 568 2540 celebritatem
580 2493 635 2541 tosti
660 2505 727 2540 mum
739 2494 845 2540 Simonis
859 2492 959 2552 leprosi.
970 2492 1078 2550 Apparet
1092 2502 1190 2539 meomo-

108 2562 215 2608 muneris
232 2560 375 2608 adhortatur
389 2560 474 2607 dicens
490 2573 497 2606 τ
512 2560 636 2607 Breuitate
660 2560 800 2621 mia,quod
815 2561 939 2620 leprosum
950 2571 999 2606 nou
1016 2557 1122 2619 reiuqlt,
1137 2570 1189 2607 nou

110 2633 152 2678 tim
163 2631 270 2690 adiutori
278 2633 372 2688 mitro,
383 2629 483 2688 iubilate
494 2631 542 2676 lieo
552 2628 634 2676 iacob.
661 2632 726 2679 vitat
737 2631 906 2691 immundum3
924 2631 951 2678 ut
966 2630 1073 2676 maculas
1087 2628 1190 2677 humant

109 2703 193 2748 Sumite
212 2700 344 2760 palmam,
365 2702 387 2746 ct
406 2700 459 2746 dote
481 2701 634 2759 tympanum,
660 2701 767 2760 corporis
783 2700 859 2761 possit
874 2699 982 2747 abolere.
999 2699 1090 2746 Domus
1106 2699 1189 2747 autern

108 2771 240 2828 psalterium
248 2770 374 2826 tammam
384 2780 436 2815 cum
444 2768 634 2815 cilicemh'onne
661 2770 750 2828 leprosi
766 2770 819 2816 erat
835 2770 862 2816 iu
876 2769 1008 2828 bethaula,
1023 2781 1078 2828 qum
1095 2780 1140 2829 per
1150 2767 1190 2815 ln-

108 2840 184 2885 actam
195 2837 327 2898 quemdam
338 2837 464 2898 prophetas
473 2836 635 2884 saltantisad·
659 2839 860 2897 terpretatioucm
878 2838 964 2886 domus
984 2837 1132 2885 obeditionis
1151 2835 1190 2883 dl-

109 2906 324 2966 scrtistiienique
335 2904 395 2953 aiibi
410 2917 417 2949 :
434 2905 539 2952 Pontiam
554 2904 597 2951 tibi
610 2906 634 2950 in
659 2907 732 2953 citur.
759 2906 843 2953 (imnis
867 2905 942 2966 igitur
967 2905 1034 2953 loeus
1054 2905 1188 2965 Bethania,

109 2976 197 3023 cidara
210 2978 305 3024 marcier
321 2973 401 3021 imoet.
418 2971 556 3020 cometam
570 2971 634 3019 tabia
659 2974 829 3034 portioautem
838 2975 911 3021 totius
920 2975 966 3021 loci
976 2975 1063 3022 domus
1072 2973 1187 3022 Simonis.

109 3058 155 3091 area
169 3058 224 3092 cam
241 3047 366 3091 contrivero
382 3040 435 3098 tibi,
453 3043 475 3086 ct
490 3041 572 3086 auimo
582 3054 635 3088 nara
658 3042 743 3088 h'onne
763 3041 808 3087 tibi
829 3041 928 3089 videtur
945 3042 1063 3088 Bethania
1082 3041 1189 3089 mundus

110 3127 176 3173 qaam
195 3113 321 3160 redemisti.
341 3108 416 3155 Audis
435 3107 634 3155 citharizantium
659 3109 699 3156 hic
711 3122 779 3169 esse,
791 3109 872 3168 inquo
887 3111 986 3158 servitii
997 3110 1189 3158 obedientisde·

110 3194 189 3241 vocer,
199 3180 271 3229 audis
280 3177 423 3227 manlium
434 3173 558 3236 crepitus?
568 3175 634 3236 an·
660 3178 746 3225 bemus
756 3178 913 3237 obsequium,
923 3178 1010 3226 domus
1019 3180 1102 3225 autem
1109 3179 1190 3226 Simo-

111 3251 150 3298 tlas
159 3251 244 3299 crede.
659 3248 697 3293 nis
708 3246 798 3306 leprosi
808 3247 872 3294 terra
880 3259 943 3304 esse,
952 3247 1099 3307 quaenrundi
1108 3246 1189 3307 portio

136 3322 172 3368 lo.
183 3321 259 3368 Sume
270 3319 296 3368 et
310 3317 339 3366 tu
351 3316 484 3375 citharam,
495 3315 524 3363 ut
538 3315 634 3376 pulsata
659 3314 715 3362 cst?
731 3316 847 3375 Princeps
858 3318 941 3362 autem
954 3315 1037 3362 meoli
1048 3314 1123 3374 butus
1131 3317 1189 3376 qui·

111 3389 205 3448 spiritus
218 3390 314 3450 plectro
330 3385 474 3434 interiorum
490 3384 580 3430 chorda
590 3396 635 3430 re-
659 3384 715 3431 dam
725 3385 835 3444 leprosas
844 3383 982 3432 estsimon.
996 3385 1056 3444 lirpo
1069 3385 1189 3434 Dominus

111 3452 634 3517 narum,booloperlssonumreddat.srame
658 3453 1189 3513 ieroscbristuscxiilissuperioriburiocla

111 3528 263 3586 psalterium,
274 3527 302 3574 ut
313 3522 438 3571 harmonia
449 3521 568 3569 dictorum
584 3521 635 3567 lac·
659 3522 765 3570 venitin
776 3523 840 3570 inune
851 3523 982 3580 mundum,
994 3522 1019 3569 et
1027 3522 1154 3571 descendit
1162 3523 1189 3572 ln

111 3599 234 3657 torumque
245 3599 344 3643 tuorum
356 3593 476 3641 concinat.
488 3590 634 3650 Sumotym-
660 3592 759 3638 terrain.
781 3592 831 3639 Non
847 3593 900 3639 crat
914 3592 940 3638 in
961 3592 1006 3638 hoc
1023 3591 1128 3650 mundo,
1143 3591 1189 3640 aeti

111 3661 411 3724 panum,utorqanumtul
421 3659 635 3719 corporisspiritus
659 3661 789 3708 obediente
805 3662 910 3722 pictate,
928 3663 1016 3709 missus
1031 3663 1069 3710 est
1081 3662 1106 3709 ln
1121 3661 1188 3709 hunc

111 3734 245 3781 moduletur
254 3731 373 3789 interior,
384 3728 503 3790 lactisque
512 3727 635 3789 operanti·
659 3728 787 3777 mundum.
803 3732 857 3789 ipae
867 3730 947 3778 dicit:
965 3730 1033 3778 Sicut
1047 3730 1136 3777 misisti
1147 3743 1188 3778 mo

111 3803 150 3850 bas
159 3803 239 3852 dulcia
254 3813 351 3850 morum
362 3800 461 3847 tuorum
471 3799 577 3847 suavitas
589 3811 634 3845 ex·
659 3798 684 3844 in
696 3799 762 3847 hune
775 3799 903 3846 mundum.
915 3800 1015 3847 audivit
1029 3811 1087 3858 erqo
1097 3799 1188 3847 multer

111 3873 233 3927 primalur.
245 3872 287 3919 Sic
299 3867 420 3931 psallebat
430 3868 564 3929 Propheta,
578 3879 632 3915 curn
659 3866 705 3914 ista
720 3869 815 3915 venisse
831 3868 967 3925 christum,
983 3866 1085 3913 intrarit
1102 3867 1128 3912 in
1142 3865 1187 3914 do·

110 3942 214 3990 liceret:
224 3943 287 3990 Veni
295 3940 340 3987 liae
350 3953 367 3986 a
376 3936 467 3985 bibano
475 3950 573 3999 monia,
582 3938 634 3985 oeni
658 3947 725 3981 inum
740 3936 861 3996 Simonis3
878 3933 1037 3995 nequeenim
1051 3933 1131 3981 sanan
1143 3945 1186 3995 po-

110 4013 175 4059 tma
185 4011 286 4059 utam.
659 4004 807 4052 iuisoethaec
818 4001 1189 4061 mutter,niaictnistmmnta·

138 4079 173 4125 ll.
183 4078 236 4126 iioc
246 4075 373 4125 anticum
388 4073 530 4122 cecinerunt
547 4072 633 4134 pueri,
658 4074 696 4120 set
705 4072 729 4118 in
738 4074 836 4120 terram.
844 4073 873 4117 ut
881 4071 980 4119 tortasse
989 4071 1044 4120 ideo
1049 4071 1125 4120 etiam
1135 4070 1188 4130 ipsa

110 4156 151 4195 nee
165 4146 244 4195 aaditl
257 4144 326 4193 aaut.
336 4141 386 4202 eoi
401 4142 488 4204 puerit
498 4143 534 4192 lie
544 4143 634 4204 quibus
659 4141 796 4201 ingreditur
811 4141 908 4188 doraum
925 4140 1043 4200 Simonis,
1054 4139 1120 4222 quoti
1130 4152 1192 4201 spca
