2632 4784
384 359 632 413 unisuoninuu
646 368 785 416 cnissis
802 371 821 415 r.
1096 362 1144 420 ssi

62 433 123 487 istis
133 436 179 487 boe
189 436 336 503 impetrasti,
343 441 371 491 ei
377 444 494 495 distulisti
503 447 590 495 conci·
616 451 765 511 rescriptum
775 461 847 500 suum
858 448 952 510 dicere,
962 451 992 500 nt
1000 451 1054 502 sinc
1064 452 1147 504 orimu-

63 506 135 554 iium.
616 519 708 567 tutibus
720 533 792 568 causo
808 519 909 567 minime
920 520 1052 570 diceretur.

93 576 125 624 9..
140 577 279 630 Ambrosius
292 582 407 643 episcopus
432 585 492 633 dieii
515 599 523 632 ε
539 586 591 633 Non
645 588 768 637 Psitodius
776 589 853 636 dicit:
864 586 890 634 si
898 587 952 636 itali
962 589 1144 650 mutuum

62 645 266 705 opuscstdiuiius
276 650 590 710 erugorbrespondsnnne.
615 653 764 703 conveniret

61 714 130 761 tiene
145 714 210 763 dixit
228 717 312 763 Anius
326 719 404 765 solum
414 721 535 768 aternum
545 722 591 769 Pu·
644 723 760 783 moerim
768 721 888 785 prisma
896 726 920 775 ct
927 725 1017 788 teocius
1027 727 1103 776 dietih
1111 725 1144 776 iit

61 781 591 853 tremibtsecundumscripturssbocdixit,
615 792 671 840 ante
692 794 799 852 quatuor
815 793 886 853 dies,
908 795 935 843 et
954 798 1014 844 snio
1037 796 1143 845 biduum

62 851 168 900 annoni
240 904 242 906 ,
614 860 772 918 responderet
792 874 819 909 ss
834 861 976 911 udnturnm.
996 864 1062 923 Quid
1081 875 1141 925 eruo

92 923 213 972 Poiodius
223 923 360 973 dicitriion
370 925 417 974 tibi
428 927 573 988 respondeo.
615 927 787 989 exspectsbsst
810 930 989 991 orientalium,
1013 932 1043 980 ut
1060 931 1142 992 dicis,

92 992 240 1041 eomundus
250 995 370 1055 epsicopus
385 997 445 1043 dicit
460 1011 469 1043 .·
482 998 535 1045 Non
549 1009 593 1046 ro·
614 998 763 1045 consortium
772 1000 871 1048 tucrum
881 1001 1028 1050 sententium
1039 1014 1143 1063 exspes·

61 1060 166 1122 spondes
173 1060 216 1121 qui
228 1062 323 1110 tamdiu
333 1063 525 1123 blaspbemssiii
614 1065 730 1114 tendenti
746 1067 786 1115 Sic
806 1067 915 1117 debuisti
933 1071 1069 1132 mundare,
1089 1080 1140 1120 no!

92 1130 205 1180 Eusebius
215 1133 331 1192 episcopus
341 1133 400 1181 discit
412 1148 420 1179 .-
432 1132 480 1180 Sed
487 1131 591 1182 debebis
613 1136 757 1196 promittere
768 1138 921 1189 condictum.
1151 1139 1153 1142 ⁴

62 1198 209 1259 simpliciter
227 1199 284 1247 iidei
299 1202 349 1249 tum
366 1201 470 1261 prodere
486 1201 590 1250 liberis·
643 1206 763 1255 Potiudius
773 1209 834 1257 deicit
849 1221 858 1257 s
871 1208 937 1266 Quis
946 1207 1017 1271 qussi
1028 1209 1060 1258 sd
1078 1209 1141 1257 con·

62 1271 120 1315 tem.
132 1267 157 1315 si
168 1279 182 1314 n
193 1271 218 1317 te
229 1268 328 1329 gentiiis
338 1270 452 1329 exigeret
469 1270 590 1329 quomad-
613 1273 699 1321 ciiium
710 1275 810 1333 pienum
817 1287 944 1338 renerum,
954 1277 1007 1325 ridi
1025 1288 1074 1325 non
1085 1287 1142 1325 con·

62 1334 161 1382 modum
172 1335 198 1382 in
208 1335 330 1383 Christum
338 1337 466 1396 crederes,
476 1337 587 1386 confiteri
612 1340 709 1390 senisse
715 1344 841 1391 consortes
846 1356 924 1405 meos,
935 1344 962 1406 nt
972 1345 1141 1403 convenirem,

62 1404 207 1453 erubescere
218 1417 265 1452 non
276 1405 387 1452 deberes.
612 1409 639 1456 et
652 1408 761 1458 dicerem
778 1411 915 1460 secundum
928 1411 1063 1470 jussionem
1082 1422 1141 1472 sps·

92 1474 131 1522 ii).
142 1474 242 1522 sobicus
251 1471 494 1534 episcopmuiaeitriu
503 1471 588 1533 psum
612 1476 672 1526 retis
681 1475 709 1525 in
727 1479 897 1540 praejudicium
909 1481 991 1544 tuturi-
997 1480 1108 1529 concilii.

60 1545 90 1592 ut
98 1542 301 1604 responderemus
313 1555 319 1588 ε
332 1541 403 1590 bodie
414 1554 447 1589 ex
461 1541 587 1589 roiunisie
642 1545 681 1594 is.
692 1547 829 1597 Ambrosius
836 1552 952 1610 episcopus
962 1551 1023 1597 dimit
1034 1561 1041 1595 ε
1054 1548 1085 1596 Ut
1094 1548 1141 1597 bo·

60 1613 113 1670 ius,
124 1613 150 1658 et
160 1611 185 1658 te
195 1611 307 1669 urgente,
316 1610 489 1669 convenimus,
501 1609 528 1656 et
538 1621 587 1656 non
611 1612 653 1662 die
661 1615 832 1676 resideremus,
845 1616 897 1678 ipse
905 1616 1020 1678 exegisti.
1029 1617 1140 1677 Denique

60 1679 259 1739 exspectavimus
270 1677 480 1739 immansurum,
490 1676 533 1737 qui
544 1689 588 1736 po·
611 1683 686 1732 eiism
697 1684 770 1733 bodie
785 1686 877 1747 tuipse
888 1687 974 1735 dixisti
992 1686 1050 1747 quia
1061 1687 1140 1734 ebrio·

60 1748 240 1797 tersntrcnire.
249 1747 353 1796 Proinde
365 1760 413 1795 non
423 1747 468 1793 tibi
480 1747 587 1793 liberum
610 1750 672 1798 tisni
690 1752 722 1799 sd
733 1753 877 1803 christianos
890 1755 1013 1802 venimus.
1024 1753 1140 1803 christis·

61 1819 98 1865 esi
117 1817 224 1878 evagari.
236 1817 359 1865 christum
377 1816 439 1864 dicis
452 1827 505 1863 esse
516 1826 586 1861 cres·
610 1831 654 1866 nos
670 1819 743 1879 igitur
763 1833 807 1868 nos
824 1822 941 1880 probasii.
960 1823 1094 1870 Promisisii
1113 1824 1138 1871 ts

59 1885 129 1935 tumi
144 1889 187 1935 sut
205 1886 381 1948 sempiternum
398 1883 462 1933 dicis
476 1894 529 1931 esse
547 1883 588 1930 Fi·
610 1886 816 1947 conflictaturum,
828 1888 960 1947 promisisti
971 1890 996 1936 ie
1006 1890 1138 1937 allaturum

60 1956 122 2004 lium
133 1955 193 2004 Dei!
610 1954 653 2001 out
673 1957 857 2015 acceptaturum
877 1967 930 2005 esso
949 1957 1077 2006 rationem.
1096 1958 1139 2005 Li·

90 2026 210 2074 Puitodius
228 2026 289 2073 dieii
299 2039 307 2072 r
319 2022 379 2071 Dixi
391 2021 451 2081 tibi,
465 2032 510 2069 nos
530 2016 586 2069 idco
610 2023 698 2070 benter
717 2024 800 2085 iisque
815 2026 954 2085 accepimus
968 2026 1137 2087 praeiutionem

59 2094 169 2144 diximus
177 2096 246 2143 vobis
254 2097 282 2143 ut
289 2095 440 2149 veniremus,
451 2091 585 2139 etconrin·
609 2092 686 2139 turm.
702 2094 845 2154 optavimus
860 2095 889 2142 nt
901 2095 972 2156 qussi
990 2094 1138 2144 christianus

59 2163 260 2224 ceremustquod
268 2175 318 2212 non
328 2163 396 2211 recte
404 2159 586 2208 iecistissubre·
609 2161 715 2209 venires.
732 2162 815 2210 Obtriti
841 2161 888 2211 tibi
910 2162 1038 2223 epistolum
1057 2163 1136 2222 Arrii¹

59 2244 118 2292 pere
129 2233 279 2294 imperatori.
609 2241 681 2289 quam
693 2231 791 2290 scripsit
800 2231 900 2290 Arrius,
912 2233 943 2280 de
958 2232 1028 2292 cuius
1037 2233 1136 2281 nomino

89 2302 224 2350 Ambrosius
241 2305 357 2362 episcopus
379 2301 439 2347 dicit
455 2311 464 2345 .·
480 2297 585 2357 Legitur
609 2298 692 2346 dicitis
707 2311 751 2347 sos
766 2300 883 2360 iniurium
902 2301 1045 2362 irequeuicr
1063 2300 1137 2350 susti·

59 2369 160 2430 epistula
170 2369 281 2428 Palladii,
289 2370 373 2417 utrum
384 2367 508 2416 nobishoc
518 2378 585 2414 men·
609 2379 677 2415 nere.
689 2368 778 2418 Dicitis
796 2370 861 2431 quod
871 2371 968 2420 imum
981 2383 1029 2417 non
1048 2383 1136 2432 seque

58 2439 169 2499 darerit‚
180 2440 206 2487 et
216 2437 345 2487 docebitur
356 2436 421 2497 quod
432 2435 508 2484 etism
519 2447 584 2482 nunc
608 2436 678 2483 mini.
691 2437 768 2484 iiodie
780 2440 864 2498 apertu
876 2439 951 2486 debet
968 2451 1021 2486 esso
1038 2443 1137 2486 sentem

59 2507 131 2557 tellit.
608 2505 642 2551 tis
654 2517 661 2550 r
672 2506 715 2552 unt
726 2506 861 2554 condemna
879 2507 968 2566 iilum,
985 2507 1028 2552 aut
1038 2506 1135 2554 adstrue

87 2580 208 2627 Poiiodius
218 2579 278 2626 dixit
290 2591 298 2624 r
310 2575 501 2637 bepainrpisne.
608 2573 735 2633 quibusvis
744 2574 899 2623 lectionibus.
912 2576 942 2622 iii
959 2575 1062 2621 addidit:
1075 2576 1137 2635 Erro

86 2650 196 2709 Episcopi
215 2649 325 2694 dmerunt
341 2661 349 2694 :
367 2648 503 2706 imperator
526 2659 583 2696 cum
605 2643 812 2704 luntaepisioism
820 2644 882 2691 Arrii
891 2642 999 2691 cbristus
1007 2643 1052 2690 Dei
1060 2643 1136 2692 iilius

56 2720 120 2764 esset
136 2726 243 2775 praesens
254 2714 401 2773 syrmio,tu
419 2714 489 2761 iilum
506 2715 583 2763 inter-
607 2712 891 2772 nonestsempiternusi

56 2785 169 2846 petiisti,
183 2795 213 2828 sn
229 2782 281 2840 ipse
298 2781 323 2829 te
334 2781 466 2841 compulitt
475 2782 506 2832 iit
516 2786 584 2833 oddi-
638 2782 758 2829 Poimdius
776 2783 835 2830 dixit
847 2797 855 2829 s
867 2783 914 2829 Nos
924 2780 1033 2830 diximus
1047 2779 1137 2840 probs-

56 2857 155 2901 derunt:
165 2850 322 2908 Quidudista
333 2848 480 2910 respondesi
607 2848 675 2896 turos
687 2861 731 2897 nos
747 2849 910 2910 christianos,
929 2851 971 2897 sed
988 2851 1012 2898 in
1028 2850 1136 2901 Concilio

79 2922 336 2980 Poiiodiusrespondii:
345 2920 414 2967 Dixit
422 2920 581 2972 miiisvade.
607 2919 688 2978 pleno.
700 2921 750 2966 Non
765 2920 835 2968 vobis
845 2920 1021 2979 respondemus
1033 2919 1133 2970 omnino

56 2991 195 3046 Diximus:
215 2989 350 3036 orientales
375 2989 489 3037 conventi
509 2992 584 3040 sunit
606 2986 812 3047 inprejodieium
823 2989 925 3036 concilii
941 2988 1026 3037 iuiuri.

55 3063 96 3110 iit
107 3073 114 3106 ε
125 3059 242 3106 musonii
253 3057 317 3106 sunt.
332 3057 456 3118 Numquid
469 3059 582 3108 siorien·
635 3057 748 3106 Eusebius
762 3059 878 3119 episcopus
896 3059 957 3106 dixit
971 3057 1049 3106 :Sine
1065 3057 1134 3104 criti·

54 3131 116 3177 isles
131 3141 182 3176 non
196 3127 299 3175 inissent
314 3127 446 3187 consenti,
461 3130 583 3191 numquid
606 3125 682 3173 ditate
703 3126 761 3173 iidoi
791 3126 840 3174 tuos
862 3125 1039 3188 professionem
1058 3127 1134 3175 debes

54 3211 98 3245 nos
109 3193 317 3245 convenissemusi
606 3206 740 3254 exponere.

86 3267 123 3313 ii.
145 3266 281 3314 Ambrosius
297 3265 490 3325 episcopusdixit
510 3281 519 3313 .·
537 3265 582 3314 Se·
635 3264 756 3310 Poiiodius
766 3263 828 3312 dixit
841 3277 849 3309 ε
861 3262 890 3309 iit
906 3263 967 3322 quid
977 3262 1085 3311 Concilio
1096 3277 1134 3313 re·

54 3336 178 3398 questrsta
196 3336 229 3381 sit
246 3345 318 3381 ceusu
335 3333 508 3391 orientalium,
524 3346 581 3381 sen·
602 3329 748 3394 *servemusi

54 3407 157 3454 tentiam
173 3404 240 3452 tumn
256 3401 329 3448 bodie
345 3413 436 3460 quaero.
454 3403 519 3448 Arrii
534 3403 580 3449 tibi
636 3400 675 3446 15.
689 3397 826 3448 Ambrosius
843 3400 1027 3460 episcopusdixit
1042 3398 1134 3447 :Omni

55 3474 158 3536 epistota
176 3473 241 3521 iectu
256 3472 293 3519 cst
309 3483 316 3514 ε
335 3470 398 3516 soles
413 3471 437 3516 ie
453 3470 581 3517 irrisnum
605 3480 647 3517 ore
659 3468 829 3517 condemnatio
840 3469 904 3516 iscis
916 3468 989 3516 estin
1005 3480 1060 3515 eum
1070 3503 1079 3528 ,
1091 3469 1134 3528 qui

54 3556 152 3605 negare.
164 3544 211 3591 Aut
221 3541 311 3589 domna
325 3537 400 3586 hodie
410 3537 523 3599 Arrium,
538 3540 582 3589 sut
605 3539 707 3599 negaret
717 3538 763 3585 Dei
778 3537 1067 3597 iiiiumsempiternum.
1086 3539 1135 3585 iic·

54 3613 168 3663 deiende.
605 3608 858 3667 potissimumum
870 3607 981 3668 sequitur
996 3607 1132 3666 Palladius,

84 3684 204 3732 Poiiodius
220 3683 279 3729 dixit
295 3696 303 3728 .·
319 3681 370 3728 Non
383 3680 420 3728 esi
431 3674 582 3727 auctoritaiIs
604 3676 646 3735 qui
656 3675 1134 3736 nonvuitcondemnsreirrium.itaquo

52 3756 110 3810 ium,
121 3754 146 3798 ui
159 3753 205 3800 boc
217 3765 230 3798 u
242 3764 281 3798 mo
296 3762 397 3809 quaeras.
605 3749 688 3795 utrum
707 3745 780 3804 buius
798 3745 923 3804 probanda
942 3745 1066 3793 sententis
1083 3745 1132 3806 sit,

84 3822 196 3870 Eusebius
210 3821 397 3880 episcopusdixit
411 3833 419 3862 :
434 3818 484 3864 non
500 3815 580 3863 credi·
606 3815 755 3863 considerate
768 3828 774 3860 :
787 3816 901 3862 etutrum
910 3815 1043 3862 secundum
1052 3815 1134 3876 Scrip-

53 3904 108 3938 mus
124 3891 264 3950 religiosum
276 3888 448 3946 imperatorem
465 3885 532 3932 siiud
543 3884 581 3929 di·
605 3883 763 3942 tussedinis,
778 3883 821 3930 uui
832 3883 918 3929 contra
929 3881 1083 3942 Scripturas,
1095 3883 1135 3928 in·

52 3961 120 4009 sisse
151 3971 224 4018 quam
240 3957 345 4017 scripsit.
361 3955 492 4015 Episcopos
508 3953 582 4011 iussit
605 3953 717 4012 teiiigerc
729 3952 797 4000 iicet.
809 3951 911 3998 Lectum
923 3951 960 3998 est
971 3951 1036 3997 enim
1049 3962 1055 3994 :
1068 3951 1134 3996 sem·

53 3994 189 4078 convenire
202 4041 207 4072 :
220 4039 268 4073 non
280 4026 359 4087 potuit
370 4024 416 4072 tibi
434 4023 480 4074 soli
493 4024 580 4072 contra
603 4023 695 4083 piterio
714 4022 787 4068 sirius
806 4021 850 4066 Dei
865 4021 934 4082 cipue
957 4018 1072 4127 diviuitas·
1092 4012 1135 4065 Dei

1014 4101 1034 4126 ι).
