2632 4784
274 406 315 451 bb
330 407 435 452 OBITU
450 407 700 453 vitriarium
714 407 941 454 consonano.
1105 408 1151 456 litt

56 489 117 539 sunt
128 487 304 550 gemitosum,
313 488 338 537 et
349 500 483 537 cormeum
492 488 592 537 delecti.
617 488 716 550 iuueni,
734 489 805 549 cuius
814 490 873 540 etis
883 490 922 540 est
938 490 1110 552 llorutentior3
1120 493 1149 540 ut

58 561 117 608 Sors
132 571 185 605 meo
200 557 407 619 Dominus,diot,·
418 559 468 607 ideo
478 557 593 608 susbuebe
618 555 681 605 nolit
698 556 756 616 lnqo
772 558 847 606 Verbi
868 557 1050 616 subiiciendum
1072 560 1150 608 enimi

57 641 122 676 essem
139 629 220 675 Bonus
237 629 272 674 est
288 628 405 676 Dominus
427 627 592 676 sustinentibus
618 626 866 686 preberecervicem.
873 627 956 676 Potest
963 629 1149 689 etprarelierbl

55 709 130 753 ceos,
142 697 230 743 animo
249 707 301 756 quo
317 697 402 755 querit
419 709 482 743 eum.
500 698 594 744 Bonum
616 695 702 757 lupum
713 697 792 745 rideri
805 697 907 759 propter
916 709 991 747 ouers
1001 696 1149 759 discipline,

57 768 95 814 est
105 778 199 826 sperem
215 765 241 811 iss
258 765 364 812 emutare
380 767 485 813 nemim.
501 767 594 813 Βοπκπι
617 765 787 814 austeritatem
798 765 972 826 correctionis,
988 766 1085 827 pondus
1094 766 1152 814 abs·

56 837 93 883 est
108 836 159 882 otro
173 846 227 880 cem
240 834 369 894 portaverit
378 833 464 895 inques
480 848 550 895 prose
566 835 591 881 iss
617 833 747 894 tinentia,
767 835 998 896 restrictionemque
1026 837 1147 895 lascivias

55 906 230 964 minicius
243 918 250 950 =
261 902 346 952 sedebit
355 905 516 965 sinqutors'tes,
527 907 549 953 et
559 905 592 952 st·
617 914 694 950 suere
710 904 796 950 tumen
819 916 873 952 esse
893 903 975 951 irnetn
992 903 1091 964 qratlm,
1105 916 1150 964 epo

60 974 126 1033 tebtt;
137 975 194 1033 quio
205 972 256 1020 tuttt
262 972 348 1032 iuqum
359 986 436 1033 prose
446 975 475 1021 Et
485 972 528 1021 ille
536 973 593 1033 qui·
619 972 826 1020 remunerationis
841 974 953 1032 aeternus,
964 973 1072 1034 purioris
1094 985 1152 1021 cou-

58 1042 149 1091 demse
159 1053 258 1090 suerum
265 1040 386 1088 virtutum
393 1041 592 1090 remuneratione
617 1040 728 1089 seleutlae
736 1041 866 1089 suavitate.
879 1043 971 1089 l'umeu
981 1042 1068 1102 jugum
1073 1042 1149 1090 Verbi

59 1111 165 1170 soletur;
177 1108 280 1170 eoquod
292 1109 317 1155 in
326 1108 460 1166 iuventute
469 1122 513 1159 sua
524 1111 593 1158 labo·
617 1121 692 1158 suero
700 1109 779 1169 dixit,
787 1121 849 1157 onus
857 1110 1004 1157 obedientia
1012 1110 1082 1169 lere3
1090 1121 1152 1170 quo-

58 1177 366 1237 resnbsorbnlt,pericule
375 1178 591 1241 multatolorarit3
617 1178 684 1226 nium
695 1178 719 1226 el
729 1177 773 1239 qni
786 1180 873 1239 lupum
884 1178 959 1225 Verbi
977 1177 1083 1238 patienti
1097 1192 1152 1227 eer-

57 1250 145 1309 Jupum
161 1248 250 1295 meluit
260 1259 334 1307 prave
347 1247 523 1295 emendatioris
534 1260 593 1309 pro-
617 1247 672 1294 rice
683 1247 838 1308 susceperit,
854 1245 992 1307 discipline
1002 1257 1064 1296 onus
1073 1259 1150 1309 prere

59 1317 149 1380 positi,
174 1328 249 1379 quarn
269 1315 344 1362 molle
364 1315 428 1363 illud
444 1327 473 1363 ec
489 1317 593 1376 plenum
617 1315 841 1376 essenonpoterit.

57 1385 216 1445 deliciorum,
225 1383 311 1434 uirida
322 1384 414 1432 mentis
424 1384 522 1433 cervice
534 1397 593 1447 por-
648 1382 686 1430 tt.
696 1384 743 1442 Qui
760 1394 818 1445 erqo
829 1383 917 1433 tulerit
936 1395 951 1433 e
965 1385 1098 1445 juventute
1107 1387 1149 1447 ln·

60 1458 124 1504 qm,
616 1452 1148 1514 qum,tingulnritersedebit,etsilcblt‚re·

91 1523 130 1574 lt).
138 1524 228 1572 Beatus
238 1524 311 1584 piene
319 1522 363 1585 qui
375 1522 416 1573 vel
427 1523 592 1574 insenectute
617 1521 867 1581 velataslbinaudens
875 1521 1150 1574 divisoremuoesatts·

56 1593 169 1642 correxit
179 1604 302 1653 onorem,
318 1592 406 1641 beatu
425 1591 469 1654 qul
486 1592 529 1640 rel
546 1592 592 1641 sub
616 1589 656 1637 nls
663 1590 754 1638 uterus
765 1591 889 1651 mysterio.
902 1592 949 1638 lut
960 1592 1028 1640 certe
1044 1592 1151 1654 silebit,

58 1662 113 1710 ictu
129 1661 217 1710 mortis
239 1661 351 1709 animum
370 1659 462 1709 eredit
479 1671 493 1707 e
513 1660 591 1709 vitiis.
617 1669 666 1706 uon
682 1671 744 1719 opus
760 1659 854 1707 babens
868 1660 1026 1709 excusatione
1037 1663 1149 1721 pecenti,

57 1731 130 1780 Booti
138 1729 205 1778 enlm
216 1741 318 1791 quorum
335 1731 396 1777 terto
410 1731 464 1777 suut
476 1731 574 1790 paceio
582 1743 591 1790 ;
616 1726 681 1787 quod
693 1728 789 1775 maturo
799 1727 951 1776 contentens
966 1729 1103 1788 provenit,
1121 1732 1163 1778 ct·

58 1798 119 1859 quie
128 1797 293 1859 scriptumest
304 1810 312 1845 ε
324 1799 408 1847 Derim
419 1799 515 1855 emmo,
523 1799 545 1845 et
552 1796 592 1856 soc
616 1807 720 1854 properi
727 1795 879 1843 comestione
890 1795 1012 1855 deposuit.
1019 1797 1071 1843 lion
1079 1797 1148 1845 enin

60 1868 161 1927 bouum,
179 1870 201 1916 et
217 1867 324 1915 iubebito
332 1869 359 1914 iss
375 1866 486 1915 mestum
503 1867 591 1914 soeeuti.
616 1861 708 1910 dicitur
718 1861 777 1909 bule
788 1875 795 1909 ε
808 1864 865 1924 Quo
875 1865 901 1910 io
907 1864 1028 1922 iuemtutc
1036 1876 1147 1912 sosseoss·

58 1933 212 1995 Quicumque
220 1945 279 1994 erqo
290 1933 393 1981 desierit
405 1944 419 1979 e
431 1932 553 1992 peccatis,
566 1933 591 1980 et
616 1933 730 1991 qreqostt,
739 1933 855 1992 quomodo
873 1933 973 1982 insanies
982 1934 1008 1981 io
1018 1933 1154 1982 seucetutct

57 2001 138 2052 tuerit
154 2001 185 2051 nd
201 2003 303 2052 meliora
321 2002 349 2049 iu
360 2012 517 2063 quecumque
533 2012 592 2049 con·
615 1998 1149 2064 Potestsutemetsleintelligiquonlumqni

58 2083 146 2122 versus
156 2072 243 2133 aetate,
260 2071 363 2120 babebit
381 2070 538 2132 superiorum
553 2072 591 2119 in·
616 2069 903 2131 citoportoreritjuqum
912 2070 1149 2131 Verbl,boeest‚a

56 2140 211 2202 dulgentiam
221 2141 454 2202 peccatorumque
465 2138 591 2187 ineritrel
614 2138 762 2200 iuuentute,
772 2151 822 2189 non
836 2151 864 2189 es
878 2139 993 2189 miscebit
1005 2152 1061 2189 cum
1074 2140 1150 2200 inre·

50 2211 194 2272 *poeniteudi
204 2210 329 2259 contessus
340 2209 445 2268 ellectu,
461 2209 502 2257 rel
515 2209 591 2256 corri-
615 2208 702 2269 uibus,
715 2209 760 2256 sed
779 2209 876 2257 sedebit
894 2221 1004 2257 seorsum
1015 2210 1041 2259 et
1050 2209 1149 2271 silebit,

58 2278 134 2338 pendi
145 2279 271 2326 aversatus
282 2275 392 2336 inperio.
405 2275 453 2323 Sed
463 2276 523 2323 buic
534 2289 590 2324 eum
616 2276 693 2324 donec
704 2278 778 2338 plena
786 2289 812 2326 se
822 2277 975 2338 perlectione
984 2278 1150 2328 simullseru·

57 2345 591 2407 plurimisvenizssocietusemerendoe3rcu·
616 2346 681 2405 diat,
693 2349 718 2395 et
729 2359 842 2407 maguam
854 2347 942 2395 indunt
956 2348 1040 2395 animo
1050 2350 1149 2408 petien-

58 2425 120 2464 nrm
129 2427 198 2464 rum
213 2416 269 2463 eunt
279 2414 322 2475 qul
334 2425 360 2462 se
370 2426 385 2461 e
395 2415 504 2475 peccetis
515 2416 540 2462 et
552 2416 591 2463 lu·
616 2415 676 2463 llam
688 2429 696 2462 ε
712 2415 830 2476 dabitque
848 2416 1000 2477 percutienti
1018 2416 1147 2464 munitum

58 2482 127 2532 brico
141 2483 280 2544 juventutis
290 2483 457 2532 lusenectute
473 2496 590 2532 revocare
616 2496 701 2545 suam,
712 2484 788 2531 etiam
804 2483 880 2531 caedis
900 2484 1062 2531 contemnens
1082 2483 1149 2542 iuju-

57 2553 192 2613 potneruot
202 2567 210 2600 s
222 2566 293 2601 rarus
307 2554 390 2600 autem
402 2553 444 2613 qui
461 2552 488 2600 in
501 2552 592 2610 Juven-
616 2551 696 2613 rium3
715 2551 744 2599 ut
760 2550 882 2599 mundetis
901 2550 1050 2613 obsequetur
1061 2552 1148 2600 coles

57 2623 111 2671 tute
119 2622 357 2684 mreJuqnmseriu
366 2622 499 2669 sobrietate
508 2624 591 2681 porte·
616 2621 691 2670 tibus.

56 2691 131 2739 verit.
143 2693 194 2740 lloc
204 2693 242 2740 est
252 2691 316 2739 illud
328 2692 425 2750 jugum,
438 2690 469 2738 de
480 2702 530 2751 quo
541 2692 591 2739 Do-
647 2691 684 2739 lb.
695 2692 809 2752 lleqnum
820 2692 858 2742 eet
868 2692 937 2740 culm
947 2693 988 2742 rel
999 2691 1149 2742 abstineres

56 2761 140 2809 minus
154 2761 182 2808 ln
192 2760 323 2822 annqelio
342 2761 396 2807 ait:
411 2761 493 2809 Vestite
508 2761 540 2808 od
554 2774 591 2811 sss
616 2760 889 2821 ritllslureututis,uel
899 2762 988 2810 eumin
998 2762 1051 2822 lpso
1059 2761 1149 2821 iuven·

56 2841 147 2886 omnes,
159 2829 200 2889 qut
209 2828 337 2885 tetmaris,
350 2830 372 2875 et
387 2830 480 2877 onerati
491 2830 558 2891 estis3
569 2834 591 2879 et
615 2829 676 2879 tutis
687 2831 810 2879 vestibulo
827 2829 1016 2893 derelinquere,
1031 2831 1105 2892 utque
1116 2832 1150 2881 sd

56 2912 99 2959 eqo
108 2912 149 2948 eos
156 2898 259 2958 nidum
270 2912 279 2945 .·
291 2899 361 2946 tollite
369 2899 452 2958 iuquos
461 2911 539 2946 meum
550 2914 590 2948 sss·
615 2901 708 2949 seriora
719 2900 846 2960 convertl3
862 2901 965 2948 lubrico
975 2901 1043 2948 enim
1054 2901 1080 2949 et
1090 2914 1149 2962 per·

55 2982 99 3029 per
113 2982 162 3017 eos.
180 2967 206 3015 Sl
224 2967 280 3028 quis
295 2979 353 3026 ergo
372 2968 506 3028 antequam
522 2969 590 3028 pravi
615 2969 697 3028 plexos
715 2970 772 3017 sunt
796 2970 846 3018 vlae
865 2969 1015 3028 inventutis.
1035 2970 1149 3032 Denique

56 3037 175 3086 oneretur
195 3037 354 3098 peccatorum
373 3036 484 3096 sarcina,
503 3038 591 3086 tulerit
616 3036 785 3085 Salomonelt:
796 3037 1149 3098 miamittsmpsosterasust

55 3103 145 3166 iugum
154 3104 180 3152 lu
189 3105 338 3164 iuuentute,
348 3104 509 3164 singulariter
519 3105 592 3152 sede·
614 3108 749 3166 iutelttqere,
758 3107 965 3165 etquortumqssod
972 3118 1020 3152 nou
1027 3119 1147 3166 coquoseo.

57 3171 96 3221 bit
106 3185 170 3221 :nou
178 3173 355 3234 complurimis
363 3171 536 3232 conterendus,
546 3173 591 3220 sed
617 3176 720 3234 Vestiqto
730 3175 815 3233 equites
833 3174 934 3220 volentis
940 3204 949 3230 ‚
963 3175 1045 3220 eteius
1054 3188 1149 3234 sospem

58 3254 116 3290 cum
127 3242 170 3289 illo
179 3242 222 3302 qui
232 3242 312 3303 potest
320 3241 404 3289 dicere
415 3253 423 3287 e
435 3242 552 3302 Quoniam
565 3243 591 3289 tu
616 3244 645 3291 tis
656 3244 755 3302 inpetro
764 3272 773 3299 ,
782 3242 805 3288 et
815 3241 910 3288 semitm
923 3241 991 3288 noeis
1000 3242 1148 3298 ssoeiqosstis,

56 3312 209 3372 mouentes
218 3313 244 3359 iu
253 3325 292 3373 spe
303 3312 441 3359 eonstituisti
451 3322 497 3356 me.
615 3313 638 3358 st
652 3312 704 3356 sios
713 3310 763 3356 oiri
780 3310 806 3354 iss
816 3309 949 3366 joesntutes
964 3305 1045 3353 usvid
1063 3307 1148 3356 autem

88 3380 127 3425 st.
138 3380 186 3426 Sed
198 3380 258 3427 torte
266 3381 334 3427 dieas
344 3392 351 3424 s
363 3378 489 3436 Quomodo
499 3378 588 3438 lupum
615 3377 650 3424 eit
661 3389 669 3423 e
682 3377 773 3424 Delicta
776 3375 904 3434 juventutis
910 3388 966 3422 susoe
974 3377 996 3423 ct
1006 3376 1148 3435 ipssosoutio

57 3458 132 3506 grave
141 3446 202 3493 dicit
212 3447 366 3506 Hieremias,
377 3458 433 3493 eum
443 3446 469 3493 iu
480 3446 591 3505 Erauqe-
615 3459 672 3494 suso
687 3458 716 3492 ue
733 3445 875 3492 meruissetis.
894 3443 997 3492 iuvenis
1013 3443 1081 3491 euim
1096 3456 1149 3494 nou

57 3515 92 3562 iio
118 3516 236 3564 Domirms
250 3515 344 3563 dixerit
371 3529 377 3561 ι
400 3518 488 3575 lupum
512 3527 590 3562 meurs
616 3512 950 3573 solumtragilitatsiubriee
967 3513 1046 3561 ntntis
1062 3514 1147 3573 protn-

58 3598 143 3643 suoec,
153 3587 177 3633 st
187 3598 247 3634 ossus
255 3598 334 3633 meum
349 3584 501 3633 leecesttte
511 3584 591 3644 primo
616 3585 697 3644 bitu,
716 3581 890 3631 verumetiam
905 3582 1042 3641 ignorantie
1058 3584 1148 3632 eoeles-

58 3654 312 3715 disce,quiaGrmcus
325 3657 406 3717 lupum
423 3654 591 3703 tantummodo
616 3653 678 3702 tium
701 3650 870 3698 mandatorum
895 3651 1043 3711 plerumque
1066 3651 1148 3702 delin-

58 3725 149 3785 posuit,
161 3738 209 3774 non
220 3726 315 3774 addidit
328 3740 408 3787 prose.
420 3727 512 3773 'lemen
524 3726 550 3773 et
560 3725 591 3772 it·
615 3723 686 3785 quit:
698 3722 747 3769 cito
759 3721 843 3767 autem
854 3720 965 3767 meretur
976 3719 1144 3781 sentam,qul

58 3793 101 3841 lod
109 3795 222 3855 adverte,
232 3795 291 3855 quia
301 3796 348 3843 etsi
359 3795 393 3841 ita
400 3795 466 3843 esset
476 3795 502 3842 iu
512 3794 591 3841 'ibre-
615 3791 745 3853 praetendit
754 3789 924 3851 ignoruntium.
934 3789 1055 3849 Propheta
1063 3788 1147 3848 itaque

58 3863 112 3923 uis,
134 3863 159 3912 in
172 3864 305 3925 Evangelio
324 3866 406 3911 tumen
423 3865 507 3925 meum
517 3877 590 3911 runos
616 3860 676 3910 dicit
687 3874 694 3909 τ
705 3861 795 3910 Delicta
802 3859 930 3919 iuuentutis
939 3860 1149 3920 memetipsum·

58 3932 140 3993 dixit,
160 3935 186 3982 et
203 3946 262 3983 onus
273 3936 333 3991 lese,
352 3946 401 3981 non
419 3933 505 3994 iugum
524 3933 589 3981 lore.
615 3933 721 3980 biremem
738 3942 766 3978 os
784 3929 926 3977 memineris.
940 3928 992 3976 iton
1003 3926 1065 3974 dlelt
1077 3939 1084 3974 s
1097 3926 1148 3974 lle·

58 4003 142 4051 Potest
157 4003 225 4051 enlm
243 4014 318 4063 prave
335 4003 423 4063 lupum
434 4001 509 4050 verbi
526 4014 589 4062 esse,
615 4000 674 4049 lictu
685 3995 820 4047 senatutie
831 4009 909 4056 meu,
919 3998 947 4045 ct
961 3994 1072 4045 scientio
1082 4006 1145 4042 mese

57 4070 102 4119 sed
120 4080 197 4120 suave
216 4084 223 4116 ε
240 4082 314 4132 gravo
330 4070 493 4130 adolescenti,
514 4081 589 4130 mave
615 4066 817 4118 uememluerlse
828 4062 1078 4178 sedquasiprolpbets
1103 4063 1147 4122 qui
