2632 4784
501 487 543 531 DE
562 486 652 541 uim,
671 486 772 533 LIBER
786 491 828 533 Π.
1151 490 1197 540 407

111 568 230 632 uuporis
243 570 295 630 eat,
305 566 433 631 generatio
444 569 501 617 ante
515 569 641 631 tenpora3
667 567 726 635 quta
742 571 867 620 meulent
881 573 960 631 tolovu
976 574 1002 621 in
1013 576 1079 624 atero
1092 573 1158 637 ejas,
1168 582 1192 629 ot

112 638 139 686 et
148 635 206 686 ideo
224 633 290 699 quod
305 633 429 696 posterius
440 632 491 694 eet,
506 633 576 695 prius
592 645 643 681 nou
667 639 754 699 repleto
764 640 895 701 eatSpirita
904 642 985 689 concio
994 642 1125 693 Elisabetlt.

113 705 218 757 catenes
226 717 286 765 opus
292 705 349 752 ante
357 703 481 772 auctorem
487 701 569 763 potest
576 713 646 760 essee
699 704 753 754 lit.
764 706 827 754 Vide
838 706 989 767 singulorum
1000 709 1131 759 verborum
1140 725 1200 774 pro-

112 785 249 834 cumopera
257 772 310 834 ipsa
317 771 468 833 principium
476 772 507 818 de
515 772 643 831 operatore
668 775 794 833 prietates.
809 771 900 823 Vocem
919 777 1022 836 quidem
1032 779 1114 828 lsai-ie
1131 782 1199 843 prior

112 855 157 890 suo
168 843 273 891 sumant.
283 843 342 891 uam
353 839 473 903 quomodo
487 842 545 887 aute
557 851 644 900 opera·
668 843 794 890 Elisabeth
810 843 919 905 audivit,
930 845 974 892 sed
988 846 1114 897 lohannes
1131 851 1200 912 prlur

113 914 192 960 aorem
199 925 270 960 suum
277 925 334 959 usus
342 910 424 970 operis
431 911 643 969 aestimetur3cum
668 910 765 958 Domini
776 911 880 972 qratiam
886 911 972 960 sensit.
984 913 1072 962 Pulcra
1082 915 1130 963 sibi
1142 929 1200 965 con·

113 992 185 1028 omne
198 983 294 1042 tempus
302 991 363 1039 opus
373 978 414 1038 sit,
422 980 447 1026 et
459 991 531 1027 omue
540 988 601 1038 opus
611 976 643 1026 de
667 977 771 1026 veniunt
782 978 880 1028 oracula
898 979 1016 1042 oraculis,
1034 978 1126 1030 temiua
1143 996 1200 1033 mu-

113 1050 240 1110 operatore
251 1062 294 1096 suo
304 1049 332 1096 ut
340 1048 418 1108 esset,
430 1045 533 1107 accepit.
667 1045 739 1107 lieri,
749 1049 776 1097 et
793 1047 884 1109 pignus
902 1048 1008 1110 pignori.
1019 1050 1075 1098 Istae
1094 1052 1200 1112 qratiam

145 1117 197 1165 ill.
206 1118 321 1178 Experiri
332 1117 408 1178 igitur
418 1116 499 1165 adbuc
508 1116 567 1165 istos
577 1114 643 1174 volo,
667 1116 814 1178 loquuntur,
825 1117 863 1165 ilii
878 1116 945 1166 intus
959 1120 1103 1179 operantur,
1118 1121 1199 1180 pieta·

112 1185 156 1248 qui
171 1186 217 1234 sibi
234 1185 350 1234 ridentur
361 1184 449 1245 astuti3
462 1186 490 1233 ut
504 1185 535 1232 de
554 1184 644 1233 nostris
668 1186 748 1247 iisque
760 1186 904 1248 mysterium
918 1187 1036 1236 maternis
1051 1188 1198 1240 adoriuntur

115 1254 290 1314 respondeant,
299 1254 340 1315 qui
350 1254 533 1302 calumniantur
540 1252 642 1312 divinis,
667 1255 832 1316 protectibus3
841 1256 983 1317 duplicique
994 1257 1128 1318 miraculo,
1139 1259 1199 1309 licet

114 1324 234 1384 longeque
246 1322 372 1383 refugiunt
389 1323 421 1370 ab
433 1320 588 1371 inscrutabili
602 1335 644 1370 su·
668 1325 758 1373 bonore
768 1325 879 1385 diverso,
889 1325 1037 1387 prophetant
1047 1329 1137 1376 matres
1147 1328 1199 1388 spl-

114 1403 195 1452 perum
200 1393 367 1452 generationis
375 1403 464 1439 arcano
471 1404 477 1438 :
485 1391 642 1451 questionem
667 1394 716 1442 ritu
727 1396 894 1455 parvulorum.
902 1395 962 1454 Quis
972 1395 1048 1456 igitur
1056 1397 1141 1444 auctor
1151 1397 1199 1447 lau·

113 1472 181 1508 suam
202 1460 315 1519 bumana
333 1460 461 1522 adstruant
477 1459 643 1519 generationis
665 1463 705 1520 jus
727 1463 857 1523 miraculi,
873 1477 957 1513 noune
973 1465 1021 1514 net
1043 1464 1135 1526 Filius,
1153 1465 1200 1529 qul

114 1529 236 1590 exemplo.
245 1531 281 1578 ile
290 1531 351 1578 Filio
360 1531 405 1579 Dei
416 1529 566 1590 dicuntquia
574 1529 643 1577 ante·
667 1531 726 1580 iecit
737 1543 849 1580 essenon
859 1532 947 1582 natost

113 1611 186 1661 quam
196 1601 354 1658 generaretur
360 1611 409 1647 non
421 1599 487 1660 erat,
495 1598 542 1647 boc
550 1598 599 1658 est,
611 1597 641 1646 de
697 1601 751 1648 itt.
760 1602 796 1650 De
804 1602 878 1650 rebus
886 1600 1212 1664 humanisquasstiorestau

113 1669 161 1716 Dei
172 1668 350 1729 sapientia,de
368 1669 460 1716 virtute
476 1667 538 1729 Det,
548 1668 580 1716 de
595 1669 641 1716 bei
666 1681 715 1718 nou
724 1670 965 1733 potesteouveuirea
982 1671 1095 1731 potestne
1113 1670 1144 1721 do
1159 1669 1214 1719 di·.

113 1737 208 1799 Verbo,
226 1737 297 1796 cuius
313 1739 439 1798 perieratio
456 1738 521 1788 nihii
539 1739 597 1786 aute
614 1750 642 1786 se
667 1739 731 1786 vinis
742 1740 875 1788 convenire
883 1739 1000 1789 secretist
1010 1739 1075 1798 Quid
1083 1738 1199 1789 estabu-

113 1806 192 1861 novit.
210 1805 280 1865 Quod
297 1806 318 1853 si
336 1806 482 1867 aliquando,
493 1807 523 1854 ut
540 1808 641 1867 volunt,
667 1809 766 1869 tequam
777 1811 951 1870 generaretur,
962 1821 1012 1858 non
1030 1808 1102 1859 erati
1119 1809 1198 1856 itum·

114 1886 162 1923 noa
170 1874 218 1922 luit
227 1873 306 1936 (quod
317 1874 386 1922 netas
394 1874 462 1924 dictu
472 1873 526 1937 est)
537 1888 587 1923 nou
594 1876 643 1925 tuit
666 1877 726 1938 quid
736 1878 808 1926 Pater
815 1879 898 1938 aliqua
908 1878 1018 1940 tempora
1029 1877 1198 1938 conceptionis

114 1956 172 2004 erqo
181 1944 206 1991 in
216 1944 268 1992 Deo
278 1943 437 2004 perfectiouis
447 1944 578 2005 aliquando
590 1946 642 2006 ple·
666 1947 777 2007 accepit,
793 1949 821 1996 ut
836 1948 926 1995 illium
941 1949 1053 2007 tempora
1069 1946 1194 2007 praeveni·

114 2012 200 2061 nitudo
209 2012 313 2070 divinae,
323 2013 343 2060 si
354 2015 439 2074 postea
446 2025 588 2073 processum
598 2026 642 2074 qo·
667 2012 740 2062 renti
749 2014 798 2061 Aut
808 2012 922 2062 feminee
933 2025 1002 2074 more
1019 2013 1112 2061 naturas
1122 2024 1198 2073 qaue

114 2082 247 2137 teredonis
262 2082 366 2142 acecpit.
579 2101 582 2110 ·
635 2141 638 2145 ⁸
667 2081 931 2130 rationiasummolitus
939 2082 1198 2142 cstpartum3utmo-

144 2153 198 2202 liz
209 2154 300 2201 Tamen
312 2155 339 2201 ut
354 2153 434 2201 sciant
447 2166 520 2215 quana
537 2165 600 2204 rana
611 2153 643 2202 sit
668 2152 721 2198 litio
730 2152 781 2213 ipsa
791 2151 853 2200 Filio
864 2152 928 2200 esset
936 2149 1150 2212 antiquiortQuid
1160 2150 1199 2200 est

114 2223 263 2272 etsolubiiio
274 2235 359 2271 eorum
376 2225 493 2283 quasti03
506 2224 564 2271 iicet
579 2223 642 2270 nibil
667 2220 730 2270 boet
748 2223 795 2270 Eur
813 2221 898 2270 divina
921 2222 1016 2270 secreta
1034 2218 1198 2270 discutimus!

114 2293 141 2340 in
152 2302 182 2338 eo
193 2290 305 2337 humanis
316 2291 439 2338 divinisve
451 2303 594 2350 commuue,
605 2293 643 2341 ta-
666 2290 843 2351 Proprietalem
853 2291 902 2352 leqi
912 2290 1004 2341 diviua
1020 2288 1196 2351 aerumnosis,

114 2372 172 2408 men
179 2359 271 2407 docebo
282 2359 547 2422 inomincs,authuam
557 2374 643 2411 nasce·
666 2373 715 2410 non
725 2361 880 2421 qualitatem.

113 2431 214 2486 rentur,
225 2428 308 2477 tuisse.
320 2430 368 2477 Aut
383 2431 474 2488 negent
484 2431 558 2479 iacob
574 2444 642 2480 sane·
679 2482 683 2487 ,
698 2429 750 2476 llil.
760 2429 861 2476 Eacinus
871 2428 1003 2489 indignum
1012 2428 1019 2476 t
1028 2426 1056 2475 ut
1064 2439 1130 2476 exse
1140 2425 1197 2487 qui·

114 2498 167 2545 tnm
178 2496 267 2554 tuisse,
278 2498 419 2557 priusquam
434 2501 589 2557 nasceretur,
598 2500 641 2559 qui
667 2497 722 2545 dam
737 2499 846 2546 coelestia
855 2500 1003 2556 metiantur,
1016 2495 1060 2557 qut
1073 2496 1196 2546 Christum
1210 2542 1212 2546 Α

113 2565 215 2615 tratrem
226 2566 392 2626 supplantavit
403 2566 429 2613 in
439 2568 546 2614 materni
562 2569 642 2616 adbuc
667 2579 714 2614 non
725 2567 792 2614 nasci
801 2567 924 2626 potuisse,
936 2566 981 2614 sed
993 2564 1060 2624 ieri,
1071 2565 1199 2624 umquam

114 2637 179 2683 uteri
199 2636 293 2695 positus
313 2647 400 2681 arcano
419 2648 426 2680 ι
445 2637 537 2693 neqent
555 2637 643 2683 iiierc-
667 2647 743 2680 unum
754 2635 784 2682 do
796 2632 944 2693 spadonibus
959 2633 1047 2692 putant
1058 2644 1065 2678 a
1077 2632 1120 2679 aut
1134 2632 1198 2679 tam·

113 2703 203 2763 mam,
222 2703 353 2762 antequam
376 2704 534 2763 nasceretur,
552 2702 642 2763 tuisse,
667 2713 740 2760 quam
754 2701 873 2748 unumde
887 2699 1035 2759 spadonibus
1045 2700 1142 2746 Patrem
1158 2699 1198 2748 ii·

114 2773 156 2820 cui
166 2772 257 2820 dieitur
269 2785 276 2817 :
288 2774 432 2832 Priusquam
444 2774 466 2818 te
475 2773 607 2830 [amporam
617 2774 643 2818 in
667 2770 748 2827 tium,
764 2781 838 2828 quem
859 2780 978 2830 ‘enemo
994 2778 1045 2816 non
1066 2766 1196 2829 potuerit,

114 2844 180 2890 attero
195 2842 278 2888 matris
288 2843 347 2897 too,
358 2842 412 2888 novi
422 2843 459 2887 te:
470 2842 492 2886 et
505 2841 643 2900 priusquam
667 2838 829 2901 adoptaverit.

114 2910 644 2969 eximiteoeteo,soncti!icovite,ctpropbe·

114 2983 165 3028 tom
175 2982 200 3026 io
218 2978 321 3040 pentibus
331 2981 398 3039 posui
416 2982 446 3025 te.
456 2977 521 3036 Quid
532 2978 578 3025 boc
589 2978 643 3026 eri·
841 2983 968 3040 cunr
991 2985 1047 3046 x,-

115 3046 213 3096 dentius
232 3047 294 3095 tanti
313 3047 426 3105 exemplo
442 3047 583 3107 propbetas,
600 3047 642 3107 qui

115 3117 280 3165 sanctificatus
298 3118 349 3175 est,
368 3117 502 3176 antequam
518 3117 602 3175 natus,
618 3119 644 3165 et
690 3149 777 3193 propior
787 3144 886 3191 Patrem,
898 3155 923 3182 ac
937 3144 1026 3192 proinde
1040 3145 1077 3192 ,μὶ
1092 3146 1198 3193 aqum

115 3185 416 3245 antequamtormaretur,
428 3185 606 3243 estcoqnnust
691 3208 734 3236 non
751 3198 890 3243 nabendum,
904 3199 1045 3246 respondetur
1065 3198 1116 3237 ritu
1131 3201 1197 3238 vitm

147 3254 200 3301 tid.
212 3253 276 3312 Quid
287 3255 361 3319 etiam
378 3252 408 3300 dc
419 3253 529 3299 lobanno
546 3253 645 3312 loquar,
690 3252 810 3291 „cunnum
821 3251 956 3289 asinitatem
965 3262 1004 3289 νοτ
1012 3253 1093 3300 cupreo
1107 3263 1132 3290 οι
1141 3257 1198 3290 iem-

116 3321 148 3372 du
166 3336 215 3383 quo
232 3323 310 3370 mater
327 3322 440 3380 religiosa
459 3321 576 3380 testatur,
587 3321 644 3381 quia
691 3304 1129 3406 ἕζᾞὲξξξῖξὲἰξᾙζᾞζμζῇᾞ
1139 3316 1199 3396 ἔξζξ

118 3390 181 3439 intra
191 3393 300 3438 materna
311 3392 373 3438 situs
381 3391 461 3436 adbuc
469 3391 573 3448 viscera,
584 3403 645 3448 prae·
691 3412 791 3461 ,mmm
807 3411 866 3460 quoa
881 3409 961 3448 aniam
977 3410 1003 3446 ae
1018 3419 1199 3458 corporentur·-

118 3460 221 3508 tentiam
240 3459 344 3518 Domini¹
357 3459 445 3518 spiritu
457 3459 583 3517 cognovit,
600 3471 645 3504 ex·
691 3461 1022 3513 quinosuopraemiseral.'1'um
1035 3461 1130 3499 duarum
1144 3472 1199 3501 eou-

118 3526 249 3576 sultationo
267 3527 433 3586 consignavit,
444 3526 508 3573 sicut
526 3527 645 3586 scriptum
692 3513 1199 3614 ¹²2⁰iffiJssff'ffiffii'jssnfflugffffiffffss

118 3597 289 3655 meminimus?
299 3600 376 3644 ΨΜ
388 3596 486 3643 dicente
498 3608 505 3640 ²
517 3597 575 3642 Βία
584 3598 645 3643 ‘mm
692 3621 754 3660 Patre
769 3621 925 3668 aequalilatem,
936 3616 976 3657 ned
988 3628 1031 3656 non
1047 3629 1098 3656 curn
1110 3618 1200 3658 bomine

118 3668 145 3714 st
160 3667 224 3727 tacto
235 3670 268 3715 cst
278 3669 304 3713 in
321 3666 418 3713 nuribus
434 3668 490 3712 nocis
501 3679 548 3712 oon
558 3667 647 3713 solato-
691 3674 855 3713 similitudinem
870 3674 949 3721 signari
968 3673 1033 3711 docet.
1048 3673 1130 3711 belnae
1146 3683 1199 3722 per-

119 3737 187 3784 ϋωιῡ
201 3740 260 3793 luoe,
270 3736 391 3783 mquam
403 3738 427 3782 m
439 3737 522 3795 qaum
533 3736 612 3794 susan,
621 3738 646 3781 qn
692 3729 764 3767 stricta
775 3737 841 3774 quarn
855 3726 910 3765 Filio
924 3728 1039 3765 inurebant
1049 3727 1142 3774 iniuria,
1155 3738 1200 3774 quo

118 3807 184 3852 atero
192 3803 261 3852 mco?
273 3806 328 3851 Erat
339 3804 414 3863 igitur
423 3804 465 3864 qui
477 3804 647 3864 prophetabat,
693 3780 961 3883 ffitn‘gnssssffffffiffsn
969 3781 1200 3882 ἲέᾞὲζᾝξζζξὲῗξ

119 3885 208 3921 aunon
227 3872 296 3921 erati
307 3875 342 3933 nt
354 3875 420 3923 certe
437 3876 503 3932 erat;
515 3875 569 3921 orat
580 3876 653 3945 enim,
693 3901 743 3939 qua
760 3891 810 3926 vire
826 3892 905 3925 nostr·
921 3898 973 3926 cum
985 3888 1058 3925 arvina
1075 3888 1145 3925 untia
1160 3889 1199 3933 an.

119 3942 162 4001 qui
173 3944 336 3989 venerabatur
346 3943 483 4003 auctorem,
495 3944 548 3990 erat
558 3942 600 4002 qui
613 3944 648 3989 io-
693 3945 756 3982 anam
766 3942 921 4002 abactionem,
936 3950 980 3989 ψη
987 3941 1056 3979 rnloc
1066 3949 1103 3988 per
1110 3940 1199 4001 'Patrem

120 4011 240 4070 quebaiur
255 4012 282 4058 in
300 4014 387 4059 matre.
398 4013 510 4073 Denique
522 4013 647 4060 Elisabeth
694 3995 809 4034 ‘mm
817 3997 933 4042 ΨΜ
941 4020 947 4041 ·
955 3993 1026 4042 “³⁰¹¹
1038 3993 1132 4030 ΜΨ·

120 4075 164 4124 dlii
182 4079 271 4139 spiritu
288 4079 443 4140 replebatur,
454 4081 528 4127 bieria
539 4080 584 4128 iiiii
596 4080 648 4140 spi·
702 4083 756 4128 ill.
780 4082 913 4140 Passaque
933 4079 1008 4126 etiam
1026 4076 1084 4125 binc
1106 4077 1200 4127 iaciunt

120 4145 169 4205 rito
191 4147 400 4201 manducabatur:
417 4149 452 4198 sic
471 4149 539 4198 euim
557 4148 647 4211 babes,
672 4149 844 4212 quaestionem,
859 4148 917 4210 quia
933 4145 1100 4208 scriptumest
1116 4149 1200 4198 :sicot

668 3089 824 3138 objicientibus
830 3088 1198 3138 carniumsouanmieno,vivere
