2632 4784
220 343 266 388 nn
282 343 430 392 excessu
449 345 598 391 rutulus
616 333 668 391 sur
695 347 818 394 strunt
837 350 940 395 einen
955 351 973 394 r.
1106 332 1152 399 ul

91 423 131 474 97.
144 425 164 473 0
175 425 251 477 intiax
268 430 367 478 laetitial
378 443 393 478 o
405 429 498 476 incerta
508 428 595 475 huma·
618 441 645 475 se
656 427 739 476 ridere
756 430 861 479 laetatur.
872 433 918 480 Per
928 443 957 481 eu
974 431 1041 481 eninr
1052 421 1107 494 qua'e
1123 430 1151 482 in

59 508 148 543 nanum
157 500 391 547 rerumcurriculat
404 497 594 545 Extiricared-
619 498 749 556 Evangelio
769 498 889 561 legimus,
911 512 966 560 quas
991 499 1073 548 tutura
1093 486 1152 549 sunt

60 561 201 621 ditnm‚ex
212 564 274 611 mari
285 567 441 623 restitutum,
452 575 484 611 ex
496 562 594 610 nauita·
618 563 779 624 intelligimus
798 578 806 611 τ
825 567 852 614 et
872 565 1032 627 praesentium
1057 568 1152 628 species

59 631 101 691 gio
109 634 403 693 servatum‚putabomus
409 633 536 693 jamnobis
546 644 593 679 non
619 632 738 680 indicium
750 635 788 682 est
801 634 948 684 iuturorum.

60 711 131 758 posse
142 701 207 762 eripi
219 716 226 748 s
238 703 282 750 sed
295 704 407 763 graviora
425 702 552 761 naufragia
567 702 593 747 in
648 702 686 748 50.
697 703 749 750 Non
759 715 820 762 opus
833 702 881 751 tuit
892 703 916 750 el
927 704 1075 754 resurrectio
1086 706 1153 754 tout-

59 768 134 815 terris
143 771 215 829 positi
223 771 386 830 sustinemus3
395 784 452 819 nam
462 783 536 831 quem
545 781 593 817 uon
619 770 722 828 noratis,
731 771 772 818 cui
784 774 874 819 {eterna
883 772 996 820 debetur.
1008 774 1073 832 Quid
1084 773 1152 823 cuttu

59 838 194 895 potuerunt
209 840 336 900 nauiruqia
355 841 430 887 maris
443 840 474 886 ud
490 841 594 886 mortem
619 839 643 885 in
663 837 725 885 irnnc
743 839 858 887 miseram
876 841 902 887 et
916 840 1150 889 cerumuosisslnrum

58 905 198 967 deducere,
217 910 325 957 strenuis
342 910 467 956 ructatibus
485 908 592 965 evitata,
618 907 742 956 recideret
751 909 924 970 labem‚aique
936 909 962 956 iu
970 909 1034 957 banc
1042 909 1152 958 debilem

60 974 116 1031 eius
131 987 198 1024 mors
211 978 287 1037 coepit
301 977 372 1024 uobis
389 989 441 1023 esse
458 975 592 1035 naufragio.
619 976 695 1022 vitam
706 976 812 1036 rediret,
823 990 896 1037 quem
908 979 1005 1038 raptum
1013 978 1089 1037 maqts
1098 990 1152 1026 esse

60 1044 127 1100 Quid
145 1046 211 1092 enim
227 1049 338 1105 superest
353 1044 494 1103 suavitatis,
506 1045 595 1104 qulbus
620 1056 651 1090 ex
668 1046 718 1091 tam
739 1044 927 1093 immineniibus
941 1047 1026 1106 malls,
1042 1046 1152 1106 urgenti·

60 1114 112 1158 iam
120 1114 243 1173 praeduce
255 1115 341 1174 decus,
352 1117 402 1161 tom
413 1115 506 1161 clarum
518 1115 543 1160 in
555 1114 593 1161 bis
619 1113 712 1173 busque
718 1115 947 1176 periculisqaudere
954 1115 1153 1164 debemusillam

61 1182 148 1228 muudi
166 1183 275 1231 tenebris
289 1184 372 1230 lumen
384 1183 525 1230 extinctum
537 1184 574 1229 est
586 1196 593 1228 s
618 1181 639 1228 si
648 1184 734 1242 pacato
744 1184 846 1242 ssecuto,
856 1183 977 1243 bellisque
986 1183 1152 1243 cessantibus,

62 1251 88 1295 in
99 1263 148 1309 quo
163 1262 212 1297 non
229 1253 317 1299 nostrie
333 1252 412 1298 solum
427 1251 541 1311 iamiiiae,
551 1251 594 1300 sed
619 1252 716 1311 raptum
726 1252 807 1299 linoch
818 1264 891 1299 nemo
900 1250 1012 1311 delicuit,
1023 1251 1066 1300 sed
1074 1252 1153 1313 maqts

61 1319 138 1368 totius
149 1320 233 1380 panias
241 1320 316 1367 decus
327 1320 436 1368 occiditi
619 1319 740 1380 propbeta
755 1320 879 1380 laudavit,
894 1320 958 1367 sieut
974 1319 1005 1368 de
1018 1319 1059 1367 ille
1069 1321 1153 1382 Scrip-

92 1387 131 1436 98.
138 1389 222 1436 liabeo
230 1401 287 1436 sane
297 1391 379 1448 vobis,
391 1390 477 1437 iratres
485 1389 595 1437 dilectis-
619 1390 674 1435 tura
685 1389 765 1437 diuite
777 1392 865 1451 lisoius
875 1392 923 1447 est,
932 1402 962 1437 uc
972 1390 1064 1437 melitio
1074 1393 1153 1439 mute·

61 1457 133 1515 simi,
145 1457 321 1517 plebesanae,
332 1458 466 1504 maximam
476 1457 594 1517 qratiam,
618 1460 653 1504 ret
664 1470 704 1505 cor
714 1458 776 1518 cium
784 1458 875 1518 quanio
886 1456 965 1519 maqts
973 1469 1040 1506 nuuc
1050 1457 1106 1516 iure
1114 1458 1153 1508 dl·

61 1525 128 1585 quod
143 1526 397 1574 nonoliumdotorem
410 1537 508 1583 meum,
519 1536 593 1584 quam
619 1524 725 1573 cendum
744 1528 795 1586 est,
811 1540 868 1574 cum
884 1526 916 1574 ud
929 1526 1013 1576 seculi
1027 1526 1152 1576 lubricum

62 1595 171 1642 vestrum
185 1594 289 1655 putatis,
306 1595 372 1655 quod
389 1595 460 1641 vobis
475 1593 594 1642 accidisse
618 1594 677 1641 vile
694 1595 797 1642 accedat
810 1596 963 1654 ambiguum.
983 1595 1079 1655 nuptm
1099 1596 1152 1656 est,

62 1664 126 1712 trane
138 1663 216 1711 nostri
232 1664 330 1713 creditis
340 1663 500 1711 solitudinem
510 1694 517 1720 ‚
527 1662 593 1722 quod
619 1673 651 1708 ne
673 1662 700 1709 in
721 1656 809 1711 mduus
827 1665 950 1712 incideret
968 1664 1152 1713 Barbarorums
1248 1722 1250 1727 .

63 1731 593 1791 iletumtottusciriiatis,aetaiumomnium,
618 1730 701 1789 raptus
725 1732 778 1790 est,
799 1742 832 1778 ue
852 1732 929 1778 totius
950 1731 1017 1780 orbis
1037 1731 1153 1795 excidia,

63 1806 176 1853 ordinum
194 1803 303 1851 omnium
319 1804 391 1860 νιιῑα,
410 1813 472 1847 nova
488 1799 593 1860 quadam
619 1798 704 1843 muudi
727 1798 818 1858 sunem,
839 1800 1031 1859 propinquorum
1048 1800 1152 1865 lunera,

63 1875 156 1935 pistule
165 1871 275 1920 deiectis.
282 1872 334 1918 lion
343 1871 408 1919 euim
420 1869 594 1916 misericordiae
618 1866 711 1913 civium
721 1868 826 1926 mortes,
836 1879 868 1914 ue
878 1869 1001 1927 postremo
1011 1870 1153 1918 sanctarum

63 1944 167 2003 privates
185 1941 267 1998 dolor,
287 1940 330 1988 sed
350 1938 470 1999 quoddam
489 1937 594 1996 publicae
619 1935 743 1995 virginum
754 1936 828 1996 etque
839 1936 981 1996 viduarum,
1002 1937 1153 1998 quodenset

64 2006 594 2068 otticiumetmuuusestqratlas:uutsiquu
619 2007 698 2052 morte
718 2004 830 2053 acerbius
850 2007 904 2066 est,
925 2006 1092 2056 colluvionem
1112 2007 1153 2056 vt·

64 2092 108 2127 ros
123 2077 172 2125 mei
189 2077 266 2137 tangit
281 2075 462 2131 misericordia,
477 2074 543 2134 quod
557 2075 595 2120 ta·
619 2073 698 2122 deret.

64 2149 114 2195 lem
127 2146 226 2193 tratrem
238 2144 375 2204 amiserim,
393 2142 473 2189 babeo
487 2141 594 2189 fructum
649 2144 743 2204 bil-:qo
751 2157 810 2193 vero
818 2146 858 2206 te,
867 2146 957 2208 trater,
968 2159 1027 2196 cum
1034 2145 1094 2197 ulto
1102 2146 1152 2197 tua

65 2221 181 2275 uberem,
193 2218 271 2264 babeo
285 2214 363 2263 vestri
381 2212 470 2273 pignus
484 2212 593 2260 allectus.
620 2211 693 2272 tiore,
704 2214 757 2260 tum
768 2215 854 2262 mortis
865 2215 1040 2264 commolitus
1051 2214 1153 2265 beatum

65 2289 160 2335 ltallem
179 2287 278 2333 tratrem
294 2281 436 2340 visentem
452 2281 495 2330 sed
512 2282 595 2329 tamen
620 2281 1097 2345 arbitror.Nouenimnobisereptuses,
1108 2284 1153 2334 sed

65 2356 190 2417 publicum
213 2353 320 2402 oiireium
338 2351 364 2399 in
385 2350 503 2399 secundis
522 2350 596 2397 rebus
621 2351 736 2410 perieulis
747 2364 753 2397 ε
766 2364 813 2399 non
828 2354 905 2400 vitam
920 2352 1039 2412 omisisti,
1057 2353 1101 2401 sed
1112 2354 1155 2401 iu·

63 2426 196 2485 jucundius
206 2424 256 2482 est,
268 2423 294 2470 iu
309 2421 418 2469 adversis
430 2420 534 2480 gratius.
620 2422 760 2479 gruentium
779 2422 942 2469 acerbitatum
959 2421 1090 2470 tormidine
1112 2434 1153 2469 ca·

95 2494 135 2542 29.
146 2495 230 2554 Neque
241 2504 299 2539 vero
309 2489 371 2537 mihi
387 2489 509 2538 mediocre
520 2489 595 2536 meri·
620 2490 700 2536 ruisti.
712 2491 772 2536 liam
782 2502 831 2550 qua
841 2502 895 2538 eras
906 2490 996 2538 sanetae
1006 2490 1097 2537 mentis
1104 2490 1154 2538 mi·

66 2568 118 2613 tum
138 2563 199 2610 tanti
214 2560 312 2608 videtur
326 2559 410 2607 oiiicil.
427 2560 511 2618 Neque
528 2558 596 2605 euim
620 2558 751 2605 sorieerdia
767 2559 793 2605 iu
809 2560 876 2616 tuos,
892 2559 913 2605 si
930 2570 995 2606 nunc
1012 2559 1094 2618 urgeri
1106 2558 1154 2606 ita·

66 2635 143 2682 otiose
156 2632 197 2680 vel
213 2631 238 2677 iu
249 2630 348 2677 Actibus
362 2629 538 2688 apostolorum,
549 2626 596 2672 l'a-
621 2627 679 2672 tiam
688 2627 738 2673 tam
750 2627 885 2687 propinquo
897 2626 966 2675 bosio
978 2638 1152 2688 cognosceres,

67 2704 134 2751 bitus
143 2701 251 2758 mortua,
263 2699 352 2746 tientes
362 2696 444 2743 vidum
454 2696 596 2744 describun·
620 2697 738 2754 quantum
758 2696 947 2756 ingemisceres,
965 2707 1040 2756 quum
1057 2694 1155 2745 doleres

67 2776 121 2830 tur,
133 2769 173 2818 rel
184 2769 210 2815 in
219 2766 348 2827 Evangelio
359 2765 423 2813 mota
436 2765 549 2824 lacrymis
561 2765 597 2812 vi·
621 2763 647 2809 iu
658 2763 756 2822 Alpium
766 2764 956 2811 vallosummam
967 2761 1056 2810 nostres
1068 2763 1155 2812 salutis

66 2841 123 2888 ‹luae
133 2848 280 2899 prosequens
290 2835 361 2882 turha
373 2834 445 2881 iunus
456 2833 596 2882 adnleseen-
621 2832 773 2891 consistere,
799 2832 969 2892 lignorumque
998 2830 1155 2881 concaedibus

66 2902 595 2962 tisinducitur‚cuiresurrectiodebebatnr3
621 2899 1154 2963 construimurumpudoristQuaaitlictioue

66 2978 222 3026 iliamtamen
229 2973 359 3020 tabitham
367 2971 538 3030 viduumque
546 2974 595 3019 tota
621 2975 797 3019 moererestam
814 2972 884 3019 tenui
895 2970 1036 3018 discrimine
1051 2969 1106 3017 tuos
1123 2969 1156 3017 ub

66 3047 156 3093 civitas
166 3044 244 3092 lievit-
254 3043 306 3088 lion
317 3054 374 3100 erqo
382 3040 485 3087 dubium
494 3043 531 3088 est
541 3053 598 3088 ves-
621 3041 690 3087 irnste
702 3041 830 3099 distineri,
841 3041 871 3086 ab
887 3041 956 3087 hoste
974 3040 1069 3097 impuro
1080 3040 1155 3099 atquo

67 3118 113 3164 tris
128 3113 415 3173 lacrymisapostolorurn
433 3111 596 3169 patrecinium
622 3109 730 3164 crudeli,
748 3109 791 3166 qui
812 3119 857 3154 nec
876 3105 1005 3166 pudicitior
1028 3108 1154 3165 parceret,

67 3183 203 3243 reimpartiri
215 3195 222 3227 r
234 3193 296 3239 uon,
316 3181 428 3239 inquam,
446 3177 549 3224 dubium
561 3179 598 3223 est
622 3188 667 3222 nee
679 3175 770 3220 salutii

66 3253 189 3300 christum
200 3248 364 3298 misericordia
375 3250 483 3304 motum,
491 3258 547 3294 cum
556 3260 599 3293 vos
652 3243 691 3288 52.
704 3244 827 3300 Quonam,
838 3240 952 3301 inquam,
963 3242 1015 3287 lutee
1023 3240 1095 3286 motio
1105 3240 1155 3287 ler-

66 3323 156 3371 ilentes
177 3321 282 3368 rideret.
302 3318 352 3366 Etsi
370 3329 435 3365 nuuc
451 3328 499 3362 uon
517 3316 599 3375 tetigit
623 3324 675 3370 res,
687 3323 740 3370 quae
748 3322 792 3357 uos
800 3310 909 3371 perpeti,
921 3311 947 3356 et
958 3308 1059 3355 tortasse
1072 3307 1155 3368 (quod

68 3389 395 3449 loculum,snseepittamen
405 3385 599 3434 commendatum
623 3382 721 3441 gravius
742 3381 779 3427 est
794 3378 802 3440 )
819 3380 930 3440 spectare
949 3389 1079 3437 cogemur,
1100 3375 1155 3438 rupi

67 3461 180 3521 spiritum
193 3472 200 3505 r
214 3460 239 3506 et
249 3458 270 3505 si
282 3470 330 3505 nen
343 3456 478 3517 appellavit
492 3455 599 3515 corporis
623 3451 745 3510 virgines,
756 3451 781 3497 et
793 3450 889 3497 avulsos
899 3461 913 3496 a
925 3449 1057 3508 complexu
1067 3458 1154 3507 pareu-

68 3543 128 3578 voce
138 3528 296 3587 deiunctum3
306 3528 396 3574 dirime
404 3528 486 3572 tamen
495 3525 600 3584 potesta-
624 3523 677 3568 tum
688 3521 803 3580 parvulos
811 3519 901 3567 liberos
909 3531 982 3579 supra
991 3519 1041 3565 tela
1050 3517 1155 3576 jactari,

68 3600 100 3646 tis
110 3597 255 3645 auctoritate
267 3596 435 3643 aerueiatibus
444 3594 542 3652 mortis,
553 3594 600 3639 eta
625 3589 740 3637 incestari
755 3588 847 3636 sacrata
859 3589 909 3634 Deo
921 3599 1036 3647 corpora,
1049 3587 1076 3634 et
1085 3587 1155 3635 seui·

69 3666 187 3726 nequitias
206 3664 324 3725 spiritalis
345 3663 529 3711 incursionibus
547 3661 601 3720 eius
624 3661 674 3706 lem
685 3658 767 3705 viduae
782 3657 923 3704 rnaturioris
937 3658 1036 3703 uterum
1055 3655 1080 3702 in
1095 3666 1155 3704 usus

69 3738 176 3783 animam
192 3734 308 3781 liberavit
319 3746 326 3779 r
338 3735 364 3781 et
375 3733 395 3779 si
406 3745 454 3779 non
468 3730 559 3779 resedit
573 3731 600 3778 in
625 3728 737 3774 desuetos
745 3732 845 3773 onerum
854 3722 1006 3780 redire,uon
1013 3720 1156 3783 pignorum?

69 3803 401 3864 loculo‚quieratmurtuus;
412 3799 493 3848 tamen
504 3799 602 3859 requie·
625 3798 748 3854 Quonam,
761 3791 873 3855 inquam,
885 3792 958 3839 modo
966 3792 1012 3838 ista
1023 3791 1154 3850 tolerares,

69 3875 106 3921 uit
122 3873 147 3918 in
163 3870 258 3919 Christo
272 3884 280 3918 s
294 3872 320 3918 et
335 3871 354 3917 si
372 3882 420 3916 nou
436 3870 549 3929 loquutus
564 3868 602 3916 est
625 3866 666 3926 qui
679 3865 754 3912 etiam
765 3864 852 3911 ultimo
864 3861 952 3921 spiritu
963 3860 998 3908 tui
1009 3860 1059 3918 iam
1068 3858 1155 3906 ierus·

70 3942 155 3999 uebise
176 3942 257 3988 tomen
274 3951 303 3987 ea
318 3952 371 4001 quae
388 3950 461 3998 supra
475 3950 519 3986 nos
529 3938 600 3997 suut,
625 3933 772 3991 sisebutus,
787 3932 812 3979 et
822 3930 902 3977 adhue
920 3927 997 3976 nestri
1009 3939 1058 3974 nou
1069 3927 1155 3972 imme·

68 4011 168 4127 ‘emito
182 4011 270 4069 etquae
280 4007 374 4068 potiora
385 4008 442 4056 sunt
456 4007 600 4068 nobis,.jam
626 4000 723 4060 mor,de
734 4000 840 4048 cavenda
851 3999 989 4047 incursione
997 3995 1155 4110 mgistrorum
