2632 4784
118 277 151 325 68
499 280 622 326 SANCTI
642 280 803 331 lunensii

116 363 143 404 v.
153 366 172 405 s,
183 365 289 407 mmm
299 367 335 409 so
343 367 431 419 qurum
444 367 519 408 noun
529 369 643 418 maison
667 364 810 427 emon,
818 374 850 417 η
861 352 1025 416 omnum.
1033 379 1140 431 mocon
1151 370 1204 420 ιω.

305 422 454 460 mimmius.
665 434 707 493 jus
714 433 812 495 moris
821 445 894 496 poma
909 437 1081 496 prorumpunt.
1093 430 1202 498 neqni-

147 499 200 549 tdo.
210 498 274 560 Quid
283 499 330 550 sim
341 501 396 550 ruit
405 501 471 563 quod
478 496 644 563 in‘Erangelio
667 500 714 549 bus
732 502 838 563 legimus
857 500 1007 563 iudanticis
1023 503 1178 552 anticorum
1190 518 1199 550 ε

115 576 160 619 tuo
169 571 288 618 Dominus
297 569 490 633 bci'parabolam
502 570 644 633 frequenter
667 571 737 619 Ficus
744 570 950 633 memnonos
956 584 1020 621 caca.
1029 572 1114 633 ltaque
1125 575 1200 621 caste·

114 637 225 687 inducit!
241 637 322 686 Habes
332 640 399 687 enim
414 640 488 699 alibi,
497 641 562 702 quod
575 640 643 699 iussu
667 639 701 687 ris
711 638 849 687 albentibus
855 638 1198 700 primerererirguitis‚sota

114 702 227 768 Domini,
248 708 361 756 viriditas
388 710 468 760 omisis
485 710 559 769 hujus
583 712 643 773 tigni
667 706 1199 770 icmprnpriouescitilorecsuescermmoo

113 776 251 825 uenientis
260 778 353 826 aruerit
363 792 371 825 a
380 779 446 826 unde
458 779 575 840 intelligis
590 792 642 827 om·
667 776 766 824 tortasse
777 775 843 836 quod
861 777 945 832 uultus
958 775 1014 825 istis
1029 777 1150 826 maturior
1164 780 1199 828 sit

113 842 185 911 nium
203 847 352 905 creatorem,
370 847 412 907 qui
431 849 510 907 potest
521 847 641 908 imperare
667 857 724 892 usus
735 845 761 891 in
769 845 856 904 pomis.
864 846 923 892 liam
935 846 1124 894 succedentibus
1132 848 1197 907 aliis,

114 906 221 976 nasim,
233 917 260 963 ut
271 916 312 963 vol
323 920 434 965 arescant
446 918 540 977 subito,
552 918 591 964 vot
604 918 642 965 vi·
667 914 719 960 time
728 914 797 973 quasi
808 913 983 974 degenerantia
994 919 1160 974 respuuntur3
1171 919 1198 965 et

106 985 219 1032 noscant.
236 985 299 1031 iiiiii
312 996 344 1032 ex
366 986 532 1034 teneritudine
549 988 642 1034 arboris
666 982 745 1028 arenti
755 981 850 1027 infirma
861 981 958 1039 radice,
970 983 1095 1029 renovatis
1106 984 1196 1043 quibus

113 1051 189 1111 hujus
204 1057 228 1100 ct
241 1054 307 1100 ioiiis
322 1060 494 1103 commemorat
506 1056 592 1113 conjici
605 1069 642 1103 so
666 1051 698 1098 sil
715 1059 801 1098 soccus
822 1051 915 1109 utilior,
930 1054 1078 1099 exuruntur·
1097 1053 1197 1101 tranent

112 1121 167 1169 lere
183 1123 273 1170 aestatb
284 1122 435 1182 erlvenium,
451 1126 553 1182 utroque
564 1123 642 1182 sigui·
667 1123 748 1168 tarrmn
769 1121 850 1181 aliqua
871 1131 982 1180 perrara,
1000 1132 1046 1168 nee
1062 1122 1197 1182 decidunt,

114 1189 189 1238 ticam
207 1179 345 1241 etioiiaicae
362 1193 440 1252 plebis
458 1193 555 1239 irionem
567 1206 641 1253 qnam
667 1186 757 1247 quinos
772 1185 812 1235 liic
830 1188 963 1248 proventus
980 1188 1111 1236 arriserit:
1127 1191 1195 1237 niue

113 1260 281 1318 praetendebat
300 1261 416 1319 gloriam,
434 1260 503 1307 velut
521 1257 642 1308 ssoremiu
666 1256 1195 1315 rnediodusmmvimmmtlavttulobmi

114 1326 324 1375 adveutubomini
338 1327 472 1385 ‹lecidisse3
488 1328 545 1389 quin
561 1328 642 1388 operi·
667 1327 811 1384 erurrrpente
837 1327 1005 1384 promergant,
1022 1338 1071 1385 quo
1090 1327 1196 1386 geminis

114 1395 161 1443 bus
172 1396 439 1453 intructuosodurabai:
450 1398 568 1456 ctjudrcii
576 1392 641 1447 diem
666 1396 731 1442 tccu
742 1393 862 1454 presidiis
869 1396 993 1454 umquam
1002 1397 1097 1442 aarum
1108 1407 1195 1455 pareu-

113 1465 278 1513 relutaestatrs
286 1466 427 1526 adventurn,
435 1480 482 1526 quo
491 1468 569 1514 adulti
577 1468 642 1516 truc·
667 1465 699 1512 tis
709 1464 814 1524 greuuo,
826 1465 891 1512 sueri
902 1463 954 1510 iotu
966 1463 1086 1523 plenioris
1101 1465 1195 1513 inoles-

112 1531 154 1581 tus
165 1534 285 1581 terrarum
296 1535 405 1582 omnium
421 1535 598 1596 reconduntur,
609 1549 641 1584 ex
667 1534 732 1581 caut.
751 1534 783 1580 Ea
803 1532 970 1581 clementioris
985 1545 1051 1579 aurae
1065 1533 1195 1594 provocata

113 1602 268 1663 plenitudine
289 1604 416 1663 Ecclesiae,
435 1605 462 1651 iu
476 1617 548 1664 quam
563 1605 641 1654 iudei
667 1601 801 1662 temperie,
822 1602 848 1649 et
873 1601 1048 1662 prolixioribus
1074 1602 1194 1650 adultiora

113 1670 599 1732 quoquecredituricommedendum„
667 1669 834 1730 temporibus,
854 1669 897 1717 ubi
921 1670 1067 1729 sylvestrem
1087 1671 1196 1718 animum

146 1741 200 1788 iiii.
213 1742 258 1788 llic
270 1754 327 1801 ergo
338 1742 432 1789 altioris
446 1755 533 1790 seusus
542 1743 642 1804 aliquod
667 1738 733 1786 succi
739 1737 963 1798 priorlsexuerint‚
974 1738 1057 1797 specio
1066 1739 1165 1787 caeteris
1172 1740 1197 1787 et

113 1809 189 1858 etism
211 1823 349 1870 queramus
374 1824 497 1859 arcanum.
521 1812 593 1860 Ficus
615 1813 642 1861 iu
666 1807 816 1856 maturitatis
824 1807 903 1868 grstia
913 1807 1087 1867 praeferuntur.

113 1876 186 1925 vinea
207 1879 262 1926 est:
280 1879 334 1926 eret
353 1880 435 1925 autem
455 1878 527 1926 vinea
545 1879 641 1927 Domini
698 1874 752 1926 lbi.
770 1876 858 1937 Specta
880 1888 945 1924 nunc
967 1877 1048 1925 cultus
1063 1877 1091 1926 et
1101 1877 1196 1943 animes

112 1944 235 2005 Sabaoth,
254 1956 327 2007 quam
338 1946 407 1994 dedit
418 1947 444 1993 in
459 1948 570 2006 rapinam
584 1960 642 2008 gen·
666 1945 935 2007 ludeorum‚rpuiquasi
944 1946 1016 2005 primi
1026 1945 1123 1996 tructus
1133 1949 1197 1995 male

112 2015 185 2064 tium.
203 2016 287 2076 ltaque
301 2015 344 2076 qul
363 2015 461 2062 vineam
478 2028 548 2063 suam
567 2017 642 2078 diripi
667 2015 755 2065 ierncis
770 2014 913 2076 synagogae,
926 2015 999 2076 grossi
1010 2015 1118 2065 iubentis
1130 2018 1197 2065 simi·

112 2085 182 2142 lecit,
191 2084 232 2132 liic
242 2084 317 2131 etlam
325 2084 397 2134 licum
403 2083 476 2141 iussit
484 2085 575 2132 excidi.
581 2088 643 2147 Apta
667 2085 772 2133 titudine
783 2085 943 2144 corruerunt3
955 2085 982 2132 nt
993 2096 1108 2132 mansura
1124 2098 1197 2148 supra

112 2154 195 2201 autem
213 2152 344 2211 synagoge
355 2153 449 2200 arboris
465 2152 535 2201 istius
545 2166 643 2215 compa·
667 2166 746 2201 mrum
757 2153 832 2201 nostri
841 2152 936 2212 generis
944 2164 1015 2214 poma
1021 2153 1195 2202 succederent.

113 2222 177 2269 ratio
189 2221 239 2277 est3
250 2220 307 2279 quia
318 2220 381 2266 sicut
391 2221 437 2267 ista
446 2221 517 2267 arbor
528 2220 592 2268 toliis
603 2236 642 2269 re·
667 2221 763 2268 Etenim
771 2222 865 2281 primus
872 2221 1003 2281 Syuagogae
1013 2221 1119 2281 populus
1126 2221 1198 2282 quusi

113 2288 226 2337 dundans
237 2287 445 2348 iluentibmspem
452 2290 596 2348 possessoris
604 2293 642 2338 sui
667 2290 749 2338 radico
756 2290 974 2350 operuminiirmus
982 2290 1116 2349 arentium,
1125 2292 1199 2340 uber·

114 2369 181 2404 nassa
196 2357 347 2417 speratorum
363 2358 525 2417 proventuum
541 2370 643 2418 exspec-
668 2359 744 2405 tatem
757 2358 884 2417 sapientias
894 2359 1011 2405 naturalis
1029 2358 1134 2408 haurire
1150 2372 1200 2409 non

113 2427 207 2474 tatione
218 2424 471 2473 destituitclteetiam
483 2425 641 2487 inSynagoga
668 2428 756 2487 potuit.
777 2428 807 2474 et
826 2427 882 2474 ideo
903 2429 973 2475 velut
991 2427 1087 2476 inutilis
1104 2427 1201 2478 decidit

114 2495 173 2543 dum
183 2494 293 2543 doctores
301 2494 354 2552 eius
362 2494 477 2554 operibus
485 2494 642 2556 inioecundis,
668 2497 778 2555 tructus3
794 2497 823 2544 ut
837 2495 906 2556 quasi
925 2508 957 2543 ex
970 2496 1057 2543 iisdem
1068 2496 1199 2547 claviculis

113 2561 643 2614 serbistantumrelsdioiiisredundentibus
668 2565 760 2619 arboris
780 2562 908 2611 iructuosae
923 2563 954 2611 de
971 2564 1124 2625 pinguedine
1139 2568 1203 2614 reli·

112 2634 265 2695 gloriantur,
276 2633 355 2682 inanis
366 2634 452 2680 umbra
468 2634 539 2694 bogis
550 2635 643 2683 exuhe·
668 2634 746 2694 gionis
754 2634 861 2694 antiquas
873 2646 951 2680 noros
965 2633 1081 2681 Ecclestae
1093 2636 1200 2695 populos

113 2703 161 2761 rat,
167 2717 222 2765 spes
232 2705 314 2750 autem
323 2702 377 2750 talei
386 2704 526 2761 exspectata
535 2716 642 2763 proven·
669 2703 814 2762 emergeret.
830 2703 889 2762 Ergo
900 2702 944 2749 ille
955 2701 997 2762 qui
1009 2704 1075 2762 erat,
1086 2715 1143 2752 esse
1153 2704 1199 2752 de·

112 2774 169 2830 tus,
180 2772 263 2832 populi
275 2772 331 2818 vote
339 2770 462 2818 credentis
474 2771 565 2818 illudit.
668 2772 724 2831 siit3
735 2774 762 2820 ut
770 2784 823 2820 esse
832 2771 950 2830 inciperet
961 2771 1004 2832 qui
1014 2783 1064 2818 non
1072 2774 1136 2821 erat.
1147 2774 1201 2822 Pri·

145 2840 198 2888 iet.
210 2841 252 2887 Est
259 2840 334 2886 etiam
349 2838 376 2885 in
388 2839 586 2900 saturauimus,
595 2854 643 2903 quo
668 2841 796 2888 imitamen
814 2852 846 2888 ex
864 2842 936 2887 lsrael
949 2853 1009 2901 quos
1027 2841 1123 2890 naturis
1133 2844 1200 2890 rati·

112 2907 191 2970 magis
198 2907 282 2955 credas
290 2907 419 2967 Synagogae
428 2907 535 2966 speeiem
547 2921 644 2969 compa·
668 2909 742 2957 dioris
753 2922 835 2957 ramus
846 2910 984 2968 extulerat,
995 2909 1041 2955 sub
1053 2911 1142 2958 umbra
1151 2913 1199 2960 be-

112 2977 208 3026 ratione
218 2977 293 3034 buius
303 2988 458 3035 expressam
471 2977 563 3023 etenim
574 2977 595 3025 si
605 2978 644 3025 di·
668 2979 704 3038 gis
715 2981 741 3026 et
758 2978 851 3038 crucis,
867 2978 892 3025 in
907 2978 1036 3037 utriusque
1054 2978 1111 3027 sinu
1124 2992 1198 3029 succo

112 3046 220 3108 iigenter
240 3045 365 3105 inquires,
388 3045 518 3094 discretam
544 3047 575 3093 ab
597 3060 644 3095 usu
667 3048 764 3108 gemino
785 3047 986 3107 colorati,grossi
1008 3048 1199 3098 maturescentis

114 3115 230 3162 arborum
239 3116 382 3161 ceterorum
391 3115 593 3162 consuetudinem
601 3128 644 3162 na·
668 3118 781 3179 exemplo
790 3150 798 3176 ‚
808 3117 1029 3178 pulcherrimorum
1039 3118 1118 3177 gretie
1131 3118 1199 3168 truc·

113 3182 643 3243 iuraebujusinrouies.Namquoaliaessorem
668 3187 738 3234 tuum
749 3187 843 3234 ceteris
854 3185 1033 3245 praestiterunt,
1052 3186 1145 3246 quibus
1158 3187 1199 3236 di·

113 3252 212 3311 temni,
229 3254 361 3312 antequam
382 3252 502 3311 trucium,
521 3265 642 3313 pomaque
668 3255 732 3303 citur
742 3268 749 3300 a
761 3255 870 3303 sedebitis
878 3268 947 3314 super
957 3255 1075 3301 duodecim
1086 3256 1196 3315 thrones,

113 3322 218 3369 ventura
228 3321 366 3380 praenuntio
380 3321 417 3368 sui
430 3320 489 3367 tiore
500 3319 641 3380 designant;
663 3326 793 3385 Judicontcs
803 3324 921 3374 dnobcim
936 3323 1010 3370 tribus
1021 3324 1103 3371 tunel.

114 3387 167 3438 haec
185 3389 235 3436 sola
253 3391 283 3436 ab
298 3388 369 3437 initio
381 3389 501 3449 germinat
517 3400 587 3447 poma
598 3403 642 3449 pro
698 3392 751 3440 iet.
763 3394 812 3440 Nec
831 3392 892 3438 illud
910 3391 1019 3439 alienum
1038 3392 1105 3452 qued
1119 3391 1196 3442 Adam

114 3455 216 3503 boribus
224 3456 263 3502 :in
274 3456 331 3504 aliis
339 3456 383 3503 iios
394 3457 530 3515 decutitur,
540 3457 642 3517 elpoma
667 3461 740 3522 atque
752 3463 817 3520 Era,
837 3459 912 3519 primi
923 3458 961 3506 iiii
972 3460 1048 3507 nostri
1060 3462 1088 3509 ut
1098 3464 1197 3522 generis

114 3525 261 3583 nascentum
280 3525 307 3571 in
322 3525 368 3572 hae
386 3537 457 3584 poma
472 3524 601 3585 decidunt,
615 3529 643 3575 ut
668 3531 702 3578 iia
713 3529 802 3577 erroris
816 3529 943 3587 parentes,
958 3527 1001 3588 qui
1017 3529 1091 3587 huius
1102 3530 1197 3578 arboris

114 3604 187 3653 poma
197 3593 337 3641 succedant.
352 3594 412 3651 ergo
422 3593 504 3653 priora
521 3595 564 3642 iiia
575 3607 642 3643 cassa
668 3599 753 3646 texere
772 3610 798 3645 se
816 3597 895 3654 loliis,
914 3596 1020 3656 paradisi
1033 3598 1133 3645 exsules
1142 3609 1196 3646 esse

114 3661 253 3719 ductuum,
275 3662 330 3708 vire
347 3661 413 3708 floris
434 3664 562 3720 emergunt
580 3677 586 3710 :
606 3663 641 3710 ita
667 3664 809 3711 meruerunt
820 3677 827 3708 r
840 3676 897 3710 cum
908 3662 1197 3711 Domiuideamlmlaulis

114 3740 243 3790 prcecnqua
258 3729 363 3790 quodam
380 3729 496 3778 nascendi
511 3743 572 3790 usu,
588 3744 642 3791 qum
668 3730 821 3790 presentiam
832 3728 1029 3787 transgressionis
1041 3741 1093 3777 sum
1104 3729 1196 3777 conscii

115 3798 229 3846 ordinem
247 3798 339 3845 naturas
357 3799 482 3860 nesciunt,
494 3800 641 3848 beneficium
666 3798 835 3858 declinarent3
854 3798 880 3845 ut
902 3796 1068 3857 significarent
1086 3798 1196 3846 futurum

114 3866 209 3914 nature
232 3877 330 3914 servare
347 3878 395 3915 non
415 3869 524 3928 possum.
545 3869 642 3915 Etenim
666 3864 1197 3927 qooduilimisiemporibuspopuloslodoo-

114 3932 288 3997 guasemedio
297 3931 397 3982 trudere
407 3935 437 3985 de
446 3935 536 3984 cortice
547 3946 642 3994 gemma
666 3945 721 3984 rum
742 3935 787 3984 sub
805 3933 903 3984 bomini
923 3933 1054 3983 salvatoris
1074 3931 1197 3995 adventu,
