<?xml version="1.0" encoding="UTF-8"?>
<!DOCTYPE html PUBLIC "-//W3C//DTD XHTML 1.0 Transitional//EN"
    "http://www.w3.org/TR/xhtml1/DTD/xhtml1-transitional.dtd">
<html xmlns="http://www.w3.org/1999/xhtml" xml:lang="en" lang="en">
 <head>
  <title>
</title>
<meta http-equiv="Content-Type" content="text/html;charset=utf-8" />
  <meta name='ocr-system' content='tesseract 3.04.00' />
  <meta name='ocr-capabilities' content='ocr_page ocr_carea ocr_par ocr_line ocrx_word'/>
</head>
<body>
  <div class='ocr_page' id='page_1' title='image "./sanctiambrosiim00ambrgoog_0217.png"; bbox 0 0 2632 4784; ppageno 0'>
   <div class='ocr_carea' id='block_1_1' title="bbox 118 257 820 309">
    <p class='ocr_par' dir='ltr' id='par_1_1' title="bbox 118 257 820 309">
     <span class='ocr_line' id='line_1_1' title="bbox 118 257 820 309; baseline -0.004 -1"><span class='ocrx_word' id='word_1_1' title='bbox 118 258 164 309; x_wconf 74' lang='lat' dir='ltr'><strong>lla</strong></span> <span class='ocrx_word' id='word_1_2' title='bbox 497 258 626 307; x_wconf 69' lang='lat' dir='ltr'><strong>enneli</strong></span> <span class='ocrx_word' id='word_1_3' title='bbox 643 257 820 305; x_wconf 63' lang='lat' dir='ltr'><strong>innoti!</strong></span> 
     </span>
    </p>
   </div>
   <div class='ocr_carea' id='block_1_2' title="bbox 70 338 1205 3227">
    <p class='ocr_par' dir='ltr' id='par_1_2' title="bbox 70 338 1205 3227">
     <span class='ocr_line' id='line_1_2' title="bbox 147 338 1195 405; baseline 0.001 -14"><span class='ocrx_word' id='word_1_4' title='bbox 147 341 187 391; x_wconf 80' lang='lat' dir='ltr'><strong>ti.</strong></span> <span class='ocrx_word' id='word_1_5' title='bbox 197 338 268 401; x_wconf 78' lang='lat' dir='ltr'><strong>Quid</strong></span> <span class='ocrx_word' id='word_1_6' title='bbox 279 350 340 391; x_wconf 87' lang='lat' dir='ltr'><strong>rere</strong></span> <span class='ocrx_word' id='word_1_7' title='bbox 354 339 437 391; x_wconf 75' lang='lat' dir='ltr'><strong>uncto</strong></span> <span class='ocrx_word' id='word_1_8' title='bbox 448 339 578 403; x_wconf 77' lang='lat' dir='ltr'><strong>debuine,</strong></span> <span class='ocrx_word' id='word_1_9' title='bbox 588 353 646 403; x_wconf 76' lang='lat' dir='ltr'><strong>quo</strong></span> <span class='ocrx_word' id='word_1_10' title='bbox 670 338 1143 405; x_wconf 67' lang='lat' dir='ltr'><strong>meminomaomemnaeunun</strong></span> <span class='ocrx_word' id='word_1_11' title='bbox 1151 354 1195 392; x_wconf 78' lang='lat' dir='ltr'><strong>ua·</strong></span> 
     </span>
     <span class='ocr_line' id='line_1_3' title="bbox 118 408 1194 473; baseline 0.001 -15"><span class='ocrx_word' id='word_1_12' title='bbox 118 410 167 459; x_wconf 88' lang='lat' dir='ltr'><strong>tuit</strong></span> <span class='ocrx_word' id='word_1_13' title='bbox 176 422 249 459; x_wconf 87' lang='lat' dir='ltr'><strong>cauea</strong></span> <span class='ocrx_word' id='word_1_14' title='bbox 259 408 418 471; x_wconf 85' lang='lat' dir='ltr'><strong>mortie,nlal</strong></span> <span class='ocrx_word' id='word_1_15' title='bbox 431 409 569 459; x_wconf 70' lang='lat' dir='ltr'><strong>honestatis</strong></span> <span class='ocrx_word' id='word_1_16' title='bbox 584 422 646 458; x_wconf 90' lang='lat' dir='ltr'><strong>con·</strong></span> <span class='ocrx_word' id='word_1_17' title='bbox 671 410 724 457; x_wconf 88' lang='lat' dir='ltr'><strong>lum</strong></span> <span class='ocrx_word' id='word_1_18' title='bbox 736 410 821 459; x_wconf 84' lang='lat' dir='ltr'><strong>abeaee</strong></span> <span class='ocrx_word' id='word_1_19' title='bbox 832 423 840 457; x_wconf 82' lang='lat'><em>=</em></span> <span class='ocrx_word' id='word_1_20' title='bbox 851 408 1041 473; x_wconf 79' lang='lat' dir='ltr'><strong>eumquecuiue</strong></span> <span class='ocrx_word' id='word_1_21' title='bbox 1047 410 1121 461; x_wconf 74' lang='lat' dir='ltr'><strong>dota·</strong></span> <span class='ocrx_word' id='word_1_22' title='bbox 1130 411 1194 460; x_wconf 82' lang='lat' dir='ltr'><strong>inerit</strong></span> 
     </span>
     <span class='ocr_line' id='line_1_4' title="bbox 117 475 1194 542; baseline 0.001 -16"><span class='ocrx_word' id='word_1_23' title='bbox 117 477 261 538; x_wconf 87' lang='lat' dir='ltr'><strong>templatioi</strong></span> <span class='ocrx_word' id='word_1_24' title='bbox 270 478 330 525; x_wconf 87' lang='lat' dir='ltr'><strong>itam</strong></span> <span class='ocrx_word' id='word_1_25' title='bbox 345 488 402 525; x_wconf 88' lang='lat' dir='ltr'><strong>cnm</strong></span> <span class='ocrx_word' id='word_1_26' title='bbox 412 475 444 524; x_wconf 87' lang='lat' dir='ltr'><strong>ab</strong></span> <span class='ocrx_word' id='word_1_27' title='bbox 455 476 591 525; x_wconf 82' lang='lat' dir='ltr'><strong>eoriueam</strong></span> <span class='ocrx_word' id='word_1_28' title='bbox 600 488 646 525; x_wconf 81' lang='lat' dir='ltr'><strong>rex</strong></span> <span class='ocrx_word' id='word_1_29' title='bbox 671 477 858 540; x_wconf 75' lang='lat' dir='ltr'><strong>depreboucue,</strong></span> <span class='ocrx_word' id='word_1_30' title='bbox 870 479 966 541; x_wconf 74' lang='lat' dir='ltr'><strong>duplld</strong></span> <span class='ocrx_word' id='word_1_31' title='bbox 981 492 1063 542; x_wconf 69' lang='lat' dir='ltr'><strong>pomo</strong></span> <span class='ocrx_word' id='word_1_32' title='bbox 1072 480 1194 529; x_wconf 84' lang='lat' dir='ltr'><strong>obnoxiam</strong></span> 
     </span>
     <span class='ocr_line' id='line_1_5' title="bbox 116 544 1195 611; baseline 0.002 -17"><span class='ocrx_word' id='word_1_33' title='bbox 116 546 244 607; x_wconf 81' lang='lat' dir='ltr'><strong>posceret,</strong></span> <span class='ocrx_word' id='word_1_34' title='bbox 263 545 395 607; x_wconf 84' lang='lat' dir='ltr'><strong>pecuniam</strong></span> <span class='ocrx_word' id='word_1_35' title='bbox 405 544 519 592; x_wconf 88' lang='lat' dir='ltr'><strong>daturum</strong></span> <span class='ocrx_word' id='word_1_36' title='bbox 537 557 564 593; x_wconf 82' lang='lat' dir='ltr'><strong>ae</strong></span> <span class='ocrx_word' id='word_1_37' title='bbox 574 545 648 606; x_wconf 87' lang='lat' dir='ltr'><strong>polli-</strong></span> <span class='ocrx_word' id='word_1_38' title='bbox 671 545 1083 610; x_wconf 76' lang='lat' dir='ltr'><strong>iorelUblquelqiturboneatatie</strong></span> <span class='ocrx_word' id='word_1_39' title='bbox 1092 560 1195 611; x_wconf 77' lang='lat' dir='ltr'><strong>praepon-</strong></span> 
     </span>
     <span class='ocr_line' id='line_1_6' title="bbox 118 613 1196 679; baseline 0.003 -17"><span class='ocrx_word' id='word_1_40' title='bbox 118 627 190 674; x_wconf 78' lang='lat' dir='ltr'><strong>ceue3</strong></span> <span class='ocrx_word' id='word_1_41' title='bbox 206 614 351 663; x_wconf 85' lang='lat' dir='ltr'><strong>indecorum</strong></span> <span class='ocrx_word' id='word_1_42' title='bbox 366 613 475 673; x_wconf 88' lang='lat' dir='ltr'><strong>pretium</strong></span> <span class='ocrx_word' id='word_1_43' title='bbox 489 615 646 674; x_wconf 85' lang='lat' dir='ltr'><strong>propeterea</strong></span> <span class='ocrx_word' id='word_1_44' title='bbox 672 614 742 665; x_wconf 87' lang='lat' dir='ltr'><strong>derat</strong></span> <span class='ocrx_word' id='word_1_45' title='bbox 760 616 940 678; x_wconf 77' lang='lat' dir='ltr'><strong>concideratlo,</strong></span> <span class='ocrx_word' id='word_1_46' title='bbox 955 630 1012 679; x_wconf 74' lang='lat' dir='ltr'><strong>qum</strong></span> <span class='ocrx_word' id='word_1_47' title='bbox 1023 618 1108 667; x_wconf 84' lang='lat' dir='ltr'><strong>dolum</strong></span> <span class='ocrx_word' id='word_1_48' title='bbox 1118 618 1196 667; x_wconf 82' lang='lat' dir='ltr'><strong>eaelu-</strong></span> 
     </span>
     <span class='ocr_line' id='line_1_7' title="bbox 116 681 1196 747; baseline 0.003 -15"><span class='ocrx_word' id='word_1_49' title='bbox 116 683 241 733; x_wconf 84' lang='lat' dir='ltr'><strong>recueavit</strong></span> <span class='ocrx_word' id='word_1_50' title='bbox 252 682 411 742; x_wconf 68' lang='lat' dir='ltr'><strong>hereditate,</strong></span> <span class='ocrx_word' id='word_1_51' title='bbox 422 681 557 743; x_wconf 75' lang='lat' dir='ltr'><strong>maluitque</strong></span> <span class='ocrx_word' id='word_1_52' title='bbox 568 683 646 730; x_wconf 90' lang='lat' dir='ltr'><strong>morte</strong></span> <span class='ocrx_word' id='word_1_53' title='bbox 672 683 717 743; x_wconf 92' lang='lat' dir='ltr'><strong>dit,</strong></span> <span class='ocrx_word' id='word_1_54' title='bbox 731 683 843 733; x_wconf 77' lang='lat' dir='ltr'><strong>fraudem</strong></span> <span class='ocrx_word' id='word_1_55' title='bbox 855 685 932 743; x_wconf 80' lang='lat' dir='ltr'><strong>ejicit.</strong></span> <span class='ocrx_word' id='word_1_56' title='bbox 943 686 1016 735; x_wconf 83' lang='lat' dir='ltr'><strong>Unde</strong></span> <span class='ocrx_word' id='word_1_57' title='bbox 1026 688 1096 735; x_wconf 88' lang='lat' dir='ltr'><strong>recte</strong></span> <span class='ocrx_word' id='word_1_58' title='bbox 1106 696 1196 747; x_wconf 67' lang='lat' dir='ltr'><strong>zebee</strong></span> 
     </span>
     <span class='ocr_line' id='line_1_8' title="bbox 116 750 1196 814; baseline 0.005 -15"><span class='ocrx_word' id='word_1_59' title='bbox 116 751 240 800; x_wconf 86' lang='lat' dir='ltr'><strong>declinare</strong></span> <span class='ocrx_word' id='word_1_60' title='bbox 248 750 388 807; x_wconf 79' lang='lat' dir='ltr'><strong>huiusmodi</strong></span> <span class='ocrx_word' id='word_1_61' title='bbox 396 750 584 811; x_wconf 86' lang='lat' dir='ltr'><strong>turpitudinem.</strong></span> <span class='ocrx_word' id='word_1_62' title='bbox 593 753 647 799; x_wconf 79' lang='lat' dir='ltr'><strong>lton</strong></span> <span class='ocrx_word' id='word_1_63' title='bbox 671 751 720 799; x_wconf 89' lang='lat' dir='ltr'><strong>lem</strong></span> <span class='ocrx_word' id='word_1_64' title='bbox 732 751 1196 814; x_wconf 75' lang='lat' dir='ltr'><strong>Duvldpropbetapromeitaeuteutian</strong></span> 
     </span>
     <span class='ocr_line' id='line_1_9' title="bbox 117 819 1194 884; baseline 0.001 -16"><span class='ocrx_word' id='word_1_65' title='bbox 117 820 185 877; x_wconf 85' lang='lat' dir='ltr'><strong>mibi,</strong></span> <span class='ocrx_word' id='word_1_66' title='bbox 197 819 648 881; x_wconf 79' lang='lat' dir='ltr'><strong>inquit,{oeiet1lommm,utdemlibt</strong></span> <span class='ocrx_word' id='word_1_67' title='bbox 671 819 755 867; x_wconf 80' lang='lat' dir='ltr'><strong>dicens</strong></span> <span class='ocrx_word' id='word_1_68' title='bbox 771 823 839 869; x_wconf 83' lang='lat' dir='ltr'><strong>:Nec</strong></span> <span class='ocrx_word' id='word_1_69' title='bbox 855 822 910 881; x_wconf 75' lang='lat' dir='ltr'><strong>fecit</strong></span> <span class='ocrx_word' id='word_1_70' title='bbox 922 824 1033 884; x_wconf 71' lang='lat' dir='ltr'><strong>proelum</strong></span> <span class='ocrx_word' id='word_1_71' title='bbox 1047 837 1091 872; x_wconf 79' lang='lat' dir='ltr'><strong>cuo</strong></span> <span class='ocrx_word' id='word_1_72' title='bbox 1105 825 1194 872; x_wconf 73' lang='lat' dir='ltr'><strong>notun.</strong></span> 
     </span>
     <span class='ocr_line' id='line_1_10' title="bbox 116 888 1197 955; baseline 0.002 -18"><span class='ocrx_word' id='word_1_73' title='bbox 116 889 274 937; x_wconf 80' lang='lat' dir='ltr'><strong>bereditotem</strong></span> <span class='ocrx_word' id='word_1_74' title='bbox 285 892 382 949; x_wconf 69' lang='lat' dir='ltr'><strong>petrem</strong></span> <span class='ocrx_word' id='word_1_75' title='bbox 399 901 519 949; x_wconf 65' lang='lat' dir='ltr'><strong>meorum</strong></span> <span class='ocrx_word' id='word_1_76' title='bbox 536 889 582 935; x_wconf 90' lang='lat' dir='ltr'><strong>boc</strong></span> <span class='ocrx_word' id='word_1_77' title='bbox 599 889 646 948; x_wconf 82' lang='lat' dir='ltr'><strong>eet,</strong></span> <span class='ocrx_word' id='word_1_78' title='bbox 670 888 721 935; x_wconf 82' lang='lat' dir='ltr'><strong>lion</strong></span> <span class='ocrx_word' id='word_1_79' title='bbox 739 890 817 937; x_wconf 85' lang='lat' dir='ltr'><strong>solum</strong></span> <span class='ocrx_word' id='word_1_80' title='bbox 836 890 920 950; x_wconf 87' lang='lat' dir='ltr'><strong>itaque</strong></span> <span class='ocrx_word' id='word_1_81' title='bbox 938 890 965 938; x_wconf 91' lang='lat' dir='ltr'><strong>ln</strong></span> <span class='ocrx_word' id='word_1_82' title='bbox 982 889 1197 955; x_wconf 64' lang='lat' dir='ltr'><strong>coenaculum</strong></span> 
     </span>
     <span class='ocr_line' id='line_1_11' title="bbox 115 956 1195 1020; baseline 0 -13"><span class='ocrx_word' id='word_1_83' title='bbox 115 959 214 1007; x_wconf 84' lang='lat' dir='ltr'><strong>tantum</strong></span> <span class='ocrx_word' id='word_1_84' title='bbox 229 957 293 1005; x_wconf 90' lang='lat' dir='ltr'><strong>mibi</strong></span> <span class='ocrx_word' id='word_1_85' title='bbox 303 957 462 1019; x_wconf 90' lang='lat' dir='ltr'><strong>opprobrium</strong></span> <span class='ocrx_word' id='word_1_86' title='bbox 472 969 522 1005; x_wconf 89' lang='lat' dir='ltr'><strong>nou</strong></span> <span class='ocrx_word' id='word_1_87' title='bbox 533 957 585 1018; x_wconf 87' lang='lat' dir='ltr'><strong>ilat,</strong></span> <span class='ocrx_word' id='word_1_88' title='bbox 596 969 644 1005; x_wconf 86' lang='lat' dir='ltr'><strong>non</strong></span> <span class='ocrx_word' id='word_1_89' title='bbox 670 956 761 1015; x_wconf 75' lang='lat' dir='ltr'><strong>quibus</strong></span> <span class='ocrx_word' id='word_1_90' title='bbox 769 956 844 1005; x_wconf 88' lang='lat' dir='ltr'><strong>etiam</strong></span> <span class='ocrx_word' id='word_1_91' title='bbox 853 957 914 1006; x_wconf 77' lang='lat' dir='ltr'><strong>vitia</strong></span> <span class='ocrx_word' id='word_1_92' title='bbox 922 970 1009 1007; x_wconf 84' lang='lat' dir='ltr'><strong>eorum</strong></span> <span class='ocrx_word' id='word_1_93' title='bbox 1019 971 1077 1020; x_wconf 76' lang='lat' dir='ltr'><strong>quar</strong></span> <span class='ocrx_word' id='word_1_94' title='bbox 1087 959 1195 1017; x_wconf 74' lang='lat' dir='ltr'><strong>renent,</strong></span> 
     </span>
     <span class='ocr_line' id='line_1_12' title="bbox 116 1026 1197 1088; baseline 0.002 -14"><span class='ocrx_word' id='word_1_95' title='bbox 116 1027 244 1087; x_wconf 84' lang='lat' dir='ltr'><strong>permittet</strong></span> <span class='ocrx_word' id='word_1_96' title='bbox 255 1028 321 1074; x_wconf 84' lang='lat' dir='ltr'><strong>Deua</strong></span> <span class='ocrx_word' id='word_1_97' title='bbox 332 1027 427 1075; x_wconf 76' lang='lat' dir='ltr'><strong>mntem</strong></span> <span class='ocrx_word' id='word_1_98' title='bbox 443 1026 585 1088; x_wconf 75' lang='lat' dir='ltr'><strong>extorqueri</strong></span> <span class='ocrx_word' id='word_1_99' title='bbox 601 1027 646 1075; x_wconf 89' lang='lat' dir='ltr'><strong>tia-</strong></span> <span class='ocrx_word' id='word_1_100' title='bbox 670 1027 740 1085; x_wconf 89' lang='lat' dir='ltr'><strong>prodi</strong></span> <span class='ocrx_word' id='word_1_101' title='bbox 750 1027 878 1087; x_wconf 80' lang='lat' dir='ltr'><strong>jubentur,</strong></span> <span class='ocrx_word' id='word_1_102' title='bbox 888 1027 973 1076; x_wconf 82' lang='lat' dir='ltr'><strong>aculei</strong></span> <span class='ocrx_word' id='word_1_103' title='bbox 979 1026 1134 1076; x_wconf 82' lang='lat' dir='ltr'><strong>intimaverit</strong></span> <span class='ocrx_word' id='word_1_104' title='bbox 1141 1040 1197 1076; x_wconf 84' lang='lat' dir='ltr'><strong>ren·</strong></span> 
     </span>
     <span class='ocr_line' id='line_1_13' title="bbox 96 1094 1196 1157; baseline 0.003 -15"><span class='ocrx_word' id='word_1_105' title='bbox 96 1110 99 1115; x_wconf 95' lang='lat'>·</span> <span class='ocrx_word' id='word_1_106' title='bbox 117 1095 216 1154; x_wconf 74' lang='lat' dir='ltr'><strong>gitium.</strong></span> <span class='ocrx_word' id='word_1_107' title='bbox 226 1095 278 1144; x_wconf 85' lang='lat' dir='ltr'><strong>Nou</strong></span> <span class='ocrx_word' id='word_1_108' title='bbox 286 1097 371 1156; x_wconf 90' lang='lat' dir='ltr'><strong>utique</strong></span> <span class='ocrx_word' id='word_1_109' title='bbox 380 1096 411 1144; x_wconf 90' lang='lat' dir='ltr'><strong>de</strong></span> <span class='ocrx_word' id='word_1_110' title='bbox 422 1095 592 1155; x_wconf 86' lang='lat' dir='ltr'><strong>ritibuedlcit,</strong></span> <span class='ocrx_word' id='word_1_111' title='bbox 603 1107 645 1144; x_wconf 89' lang='lat' dir='ltr'><strong>ne·</strong></span> <span class='ocrx_word' id='word_1_112' title='bbox 669 1094 743 1157; x_wconf 90' lang='lat' dir='ltr'><strong>ditor,</strong></span> <span class='ocrx_word' id='word_1_113' title='bbox 755 1096 867 1156; x_wconf 81' lang='lat' dir='ltr'><strong>quamrie</strong></span> <span class='ocrx_word' id='word_1_114' title='bbox 878 1095 951 1155; x_wconf 75' lang='lat' dir='ltr'><strong>iuius</strong></span> <span class='ocrx_word' id='word_1_115' title='bbox 961 1096 1063 1145; x_wconf 78' lang='lat' dir='ltr'><strong>emtorle</strong></span> <span class='ocrx_word' id='word_1_116' title='bbox 1069 1096 1196 1157; x_wconf 77' lang='lat' dir='ltr'><strong>tmnoerlp-</strong></span> 
     </span>
     <span class='ocr_line' id='line_1_14' title="bbox 116 1162 1196 1229; baseline 0.001 -17"><span class='ocrx_word' id='word_1_117' title='bbox 116 1162 645 1226; x_wconf 83' lang='lat' dir='ltr'><strong>queenlmdevltibuecuraestllco,neque</strong></span> <span class='ocrx_word' id='word_1_118' title='bbox 669 1165 738 1225; x_wconf 84' lang='lat' dir='ltr'><strong>ecrit,</strong></span> <span class='ocrx_word' id='word_1_119' title='bbox 746 1165 898 1214; x_wconf 88' lang='lat' dir='ltr'><strong>doliactioue</strong></span> <span class='ocrx_word' id='word_1_120' title='bbox 906 1164 1196 1229; x_wconf 75' lang='lat' dir='ltr'><strong>vacuantur),eedetian</strong></span> 
     </span>
     <span class='ocr_line' id='line_1_15' title="bbox 118 1233 1196 1295; baseline 0.002 -14"><span class='ocrx_word' id='word_1_121' title='bbox 118 1233 150 1281; x_wconf 92' lang='lat' dir='ltr'><strong>de</strong></span> <span class='ocrx_word' id='word_1_122' title='bbox 161 1234 260 1282; x_wconf 87' lang='lat' dir='ltr'><strong>terreno</strong></span> <span class='ocrx_word' id='word_1_123' title='bbox 275 1234 367 1295; x_wconf 78' lang='lat' dir='ltr'><strong>spatio,</strong></span> <span class='ocrx_word' id='word_1_124' title='bbox 377 1234 421 1284; x_wconf 81' lang='lat' dir='ltr'><strong>sed</strong></span> <span class='ocrx_word' id='word_1_125' title='bbox 431 1234 526 1293; x_wconf 80' lang='lat' dir='ltr'><strong>dejure</strong></span> <span class='ocrx_word' id='word_1_126' title='bbox 538 1235 646 1295; x_wconf 85' lang='lat' dir='ltr'><strong>loquitur</strong></span> <span class='ocrx_word' id='word_1_127' title='bbox 669 1235 819 1294; x_wconf 66' lang='lat' dir='ltr'><strong>generaliter</strong></span> <span class='ocrx_word' id='word_1_128' title='bbox 839 1235 866 1281; x_wconf 93' lang='lat' dir='ltr'><strong>in</strong></span> <span class='ocrx_word' id='word_1_129' title='bbox 886 1236 1002 1284; x_wconf 72' lang='lat' dir='ltr'><strong>omnibus</strong></span> <span class='ocrx_word' id='word_1_130' title='bbox 1021 1234 1095 1284; x_wconf 82' lang='lat' dir='ltr'><strong>dolue</strong></span> <span class='ocrx_word' id='word_1_131' title='bbox 1117 1235 1196 1283; x_wconf 86' lang='lat' dir='ltr'><strong>abeaeo</strong></span> 
     </span>
     <span class='ocr_line' id='line_1_16' title="bbox 70 1304 1196 1367; baseline 0.004 -17"><span class='ocrx_word' id='word_1_132' title='bbox 70 1355 72 1359; x_wconf 64' lang='grc'>,</span> <span class='ocrx_word' id='word_1_133' title='bbox 116 1304 224 1364; x_wconf 89' lang='lat' dir='ltr'><strong>petrum.</strong></span> <span class='ocrx_word' id='word_1_134' title='bbox 239 1305 321 1352; x_wconf 87' lang='lat' dir='ltr'><strong>Potuit</strong></span> <span class='ocrx_word' id='word_1_135' title='bbox 330 1305 417 1366; x_wconf 90' lang='lat' dir='ltr'><strong>utique</strong></span> <span class='ocrx_word' id='word_1_136' title='bbox 429 1307 531 1353; x_wconf 80' lang='lat' dir='ltr'><strong>ultorem</strong></span> <span class='ocrx_word' id='word_1_137' title='bbox 546 1305 644 1353; x_wconf 78' lang='lat' dir='ltr'><strong>vineam</strong></span> <span class='ocrx_word' id='word_1_138' title='bbox 669 1304 1057 1367; x_wconf 77' lang='lat' dir='ltr'><strong>debeteaperlendaeimplicitae,</strong></span> <span class='ocrx_word' id='word_1_139' title='bbox 1064 1304 1196 1354; x_wconf 69' lang='lat' dir='ltr'><strong>tuumne</strong></span> 
     </span>
     <span class='ocr_line' id='line_1_17' title="bbox 116 1373 971 1434; baseline 0 -15"><span class='ocrx_word' id='word_1_140' title='bbox 116 1373 436 1434; x_wconf 76' lang='lat' dir='ltr'><strong>‹leriueiareqieaccipere,</strong></span> <span class='ocrx_word' id='word_1_141' title='bbox 447 1374 571 1422; x_wconf 85' lang='lat' dir='ltr'><strong>etomicue</strong></span> <span class='ocrx_word' id='word_1_142' title='bbox 578 1385 644 1433; x_wconf 79' lang='lat' dir='ltr'><strong>eeso;</strong></span> <span class='ocrx_word' id='word_1_143' title='bbox 669 1374 817 1422; x_wconf 76' lang='lat' dir='ltr'><strong>rontasost·</strong></span> <span class='ocrx_word' id='word_1_144' title='bbox 967 1414 971 1419; x_wconf 94' lang='lat'>.</span> 
     </span>
     <span class='ocr_line' id='line_1_18' title="bbox 115 1441 1197 1505; baseline 0.004 -17"><span class='ocrx_word' id='word_1_145' title='bbox 115 1442 144 1489; x_wconf 88' lang='lat' dir='ltr'><strong>in</strong></span> <span class='ocrx_word' id='word_1_146' title='bbox 155 1455 204 1505; x_wconf 90' lang='lat' dir='ltr'><strong>qno</strong></span> <span class='ocrx_word' id='word_1_147' title='bbox 216 1454 266 1491; x_wconf 90' lang='lat' dir='ltr'><strong>nou</strong></span> <span class='ocrx_word' id='word_1_148' title='bbox 276 1443 406 1492; x_wconf 83' lang='lat' dir='ltr'><strong>mediocria</strong></span> <span class='ocrx_word' id='word_1_149' title='bbox 418 1443 502 1493; x_wconf 78' lang='lat' dir='ltr'><strong>eaeeull</strong></span> <span class='ocrx_word' id='word_1_150' title='bbox 514 1442 586 1501; x_wconf 79' lang='lat' dir='ltr'><strong>hujus</strong></span> <span class='ocrx_word' id='word_1_151' title='bbox 596 1443 644 1491; x_wconf 81' lang='lat' dir='ltr'><strong>uti·</strong></span> <span class='ocrx_word' id='word_1_152' title='bbox 700 1441 740 1489; x_wconf 81' lang='lat' dir='ltr'><strong>ot.</strong></span> <span class='ocrx_word' id='word_1_153' title='bbox 760 1443 877 1490; x_wconf 87' lang='lat' dir='ltr'><strong>Veterem</strong></span> <span class='ocrx_word' id='word_1_154' title='bbox 896 1442 980 1492; x_wconf 85' lang='lat' dir='ltr'><strong>autem</strong></span> <span class='ocrx_word' id='word_1_155' title='bbox 1003 1443 1076 1491; x_wconf 75' lang='lat' dir='ltr'><strong>inam</strong></span> <span class='ocrx_word' id='word_1_156' title='bbox 1096 1442 1197 1493; x_wconf 83' lang='lat' dir='ltr'><strong>dedolo</strong></span> 
     </span>
     <span class='ocr_line' id='line_1_19' title="bbox 116 1510 1196 1574; baseline 0.005 -17"><span class='ocrx_word' id='word_1_157' title='bbox 116 1511 174 1559; x_wconf 85' lang='lat' dir='ltr'><strong>litae</strong></span> <span class='ocrx_word' id='word_1_158' title='bbox 191 1512 307 1561; x_wconf 79' lang='lat' dir='ltr'><strong>aeetlmari</strong></span> <span class='ocrx_word' id='word_1_159' title='bbox 328 1512 413 1560; x_wconf 84' lang='lat' dir='ltr'><strong>solet:</strong></span> <span class='ocrx_word' id='word_1_160' title='bbox 430 1512 473 1560; x_wconf 82' lang='lat' dir='ltr'><strong>sed</strong></span> <span class='ocrx_word' id='word_1_161' title='bbox 488 1512 553 1574; x_wconf 89' lang='lat' dir='ltr'><strong>quod</strong></span> <span class='ocrx_word' id='word_1_162' title='bbox 572 1514 644 1573; x_wconf 82' lang='lat' dir='ltr'><strong>turpe</strong></span> <span class='ocrx_word' id='word_1_163' title='bbox 668 1522 718 1558; x_wconf 89' lang='lat' dir='ltr'><strong>non</strong></span> <span class='ocrx_word' id='word_1_164' title='bbox 734 1510 1093 1573; x_wconf 70' lang='lat' dir='ltr'><strong>iurisperitorumiormnlam,</strong></span> <span class='ocrx_word' id='word_1_165' title='bbox 1104 1512 1196 1573; x_wconf 81' lang='lat' dir='ltr'><strong>eedpa·</strong></span> 
     </span>
     <span class='ocr_line' id='line_1_20' title="bbox 116 1579 1197 1642; baseline 0.001 -13"><span class='ocrx_word' id='word_1_166' title='bbox 116 1582 183 1641; x_wconf 89' lang='lat' dir='ltr'><strong>erut,</strong></span> <span class='ocrx_word' id='word_1_167' title='bbox 200 1581 321 1641; x_wconf 81' lang='lat' dir='ltr'><strong>judicavit</strong></span> <span class='ocrx_word' id='word_1_168' title='bbox 338 1594 386 1630; x_wconf 87' lang='lat' dir='ltr'><strong>non</strong></span> <span class='ocrx_word' id='word_1_169' title='bbox 399 1580 553 1630; x_wconf 79' lang='lat' dir='ltr'><strong>rideriutile</strong></span> <span class='ocrx_word' id='word_1_170' title='bbox 570 1596 645 1630; x_wconf 70' lang='grc'><strong>11111-</strong></span> <span class='ocrx_word' id='word_1_171' title='bbox 669 1579 833 1628; x_wconf 87' lang='lat' dir='ltr'><strong>triarcbarum</strong></span> <span class='ocrx_word' id='word_1_172' title='bbox 849 1581 1001 1629; x_wconf 71' lang='lat' dir='ltr'><strong>senteutiam</strong></span> <span class='ocrx_word' id='word_1_173' title='bbox 1020 1581 1144 1642; x_wconf 77' lang='lat' dir='ltr'><strong>scriptura</strong></span> <span class='ocrx_word' id='word_1_174' title='bbox 1160 1582 1197 1630; x_wconf 90' lang='lat' dir='ltr'><strong>dl·</strong></span> 
     </span>
     <span class='ocr_line' id='line_1_21' title="bbox 115 1649 1196 1711; baseline 0.002 -13"><span class='ocrx_word' id='word_1_175' title='bbox 115 1651 212 1711; x_wconf 86' lang='lat' dir='ltr'><strong>luitque</strong></span> <span class='ocrx_word' id='word_1_176' title='bbox 223 1649 362 1711; x_wconf 88' lang='lat' dir='ltr'><strong>periculum</strong></span> <span class='ocrx_word' id='word_1_177' title='bbox 373 1662 429 1698; x_wconf 92' lang='lat' dir='ltr'><strong>cum</strong></span> <span class='ocrx_word' id='word_1_178' title='bbox 445 1649 572 1699; x_wconf 84' lang='lat' dir='ltr'><strong>honestate</strong></span> <span class='ocrx_word' id='word_1_179' title='bbox 587 1650 645 1698; x_wconf 87' lang='lat' dir='ltr'><strong>aub-</strong></span> <span class='ocrx_word' id='word_1_180' title='bbox 669 1649 725 1697; x_wconf 87' lang='lat' dir='ltr'><strong>vina</strong></span> <span class='ocrx_word' id='word_1_181' title='bbox 737 1650 867 1698; x_wconf 84' lang='lat' dir='ltr'><strong>evidenter</strong></span> <span class='ocrx_word' id='word_1_182' title='bbox 875 1651 998 1711; x_wconf 77' lang='lat' dir='ltr'><strong>expressit</strong></span> <span class='ocrx_word' id='word_1_183' title='bbox 1004 1650 1032 1698; x_wconf 94' lang='lat' dir='ltr'><strong>ln</strong></span> <span class='ocrx_word' id='word_1_184' title='bbox 1043 1651 1109 1699; x_wconf 88' lang='lat' dir='ltr'><strong>libro</strong></span> <span class='ocrx_word' id='word_1_185' title='bbox 1117 1652 1196 1700; x_wconf 82' lang='lat' dir='ltr'><strong>&#39;l&#39;cata-</strong></span> 
     </span>
     <span class='ocr_line' id='line_1_22' title="bbox 115 1718 1196 1782; baseline 0.001 -16"><span class='ocrx_word' id='word_1_186' title='bbox 115 1720 168 1780; x_wconf 87' lang='lat' dir='ltr'><strong>ire,</strong></span> <span class='ocrx_word' id='word_1_187' title='bbox 183 1732 256 1782; x_wconf 86' lang='lat' dir='ltr'><strong>quam</strong></span> <span class='ocrx_word' id='word_1_188' title='bbox 267 1720 402 1768; x_wconf 89' lang='lat' dir='ltr'><strong>utilitatem</strong></span> <span class='ocrx_word' id='word_1_189' title='bbox 420 1732 476 1775; x_wconf 85' lang='lat' dir='ltr'><strong>cunr</strong></span> <span class='ocrx_word' id='word_1_190' title='bbox 492 1719 644 1780; x_wconf 84' lang='lat' dir='ltr'><strong>opprobrio:</strong></span> <span class='ocrx_word' id='word_1_191' title='bbox 668 1719 745 1765; x_wconf 89' lang='lat' dir='ltr'><strong>menti</strong></span> <span class='ocrx_word' id='word_1_192' title='bbox 755 1718 1196 1779; x_wconf 66' lang='lat' dir='ltr'><strong>veteriqquiseeultarelnserlblter.</strong></span> 
     </span>
     <span class='ocr_line' id='line_1_23' title="bbox 115 1786 1196 1849; baseline 0 -14"><span class='ocrx_word' id='word_1_193' title='bbox 115 1789 244 1849; x_wconf 73' lang='lat' dir='ltr'><strong>uulgarem</strong></span> <span class='ocrx_word' id='word_1_194' title='bbox 259 1788 394 1836; x_wconf 84' lang='lat' dir='ltr'><strong>utilitatem</strong></span> <span class='ocrx_word' id='word_1_195' title='bbox 405 1788 506 1848; x_wconf 90' lang='lat' dir='ltr'><strong>loquor,</strong></span> <span class='ocrx_word' id='word_1_196' title='bbox 518 1799 566 1835; x_wconf 91' lang='lat' dir='ltr'><strong>non</strong></span> <span class='ocrx_word' id='word_1_197' title='bbox 577 1787 644 1836; x_wconf 81' lang='lat' dir='ltr'><strong>illem</strong></span> <span class='ocrx_word' id='word_1_198' title='bbox 669 1786 728 1833; x_wconf 79' lang='lat' dir='ltr'><strong>Nem</strong></span> <span class='ocrx_word' id='word_1_199' title='bbox 747 1799 804 1834; x_wconf 84' lang='lat' dir='ltr'><strong>curn</strong></span> <span class='ocrx_word' id='word_1_200' title='bbox 822 1788 916 1835; x_wconf 82' lang='lat' dir='ltr'><strong>exieeet</strong></span> <span class='ocrx_word' id='word_1_201' title='bbox 932 1786 997 1835; x_wconf 81' lang='lat' dir='ltr'><strong>tama</strong></span> <span class='ocrx_word' id='word_1_202' title='bbox 1013 1800 1060 1848; x_wconf 89' lang='lat' dir='ltr'><strong>por</strong></span> <span class='ocrx_word' id='word_1_203' title='bbox 1080 1788 1196 1848; x_wconf 75' lang='lat' dir='ltr'><strong>popedon,</strong></span> 
     </span>
     <span class='ocr_line' id='line_1_24' title="bbox 115 1854 1198 1919; baseline 0.002 -15"><span class='ocrx_word' id='word_1_204' title='bbox 115 1858 142 1904; x_wconf 89' lang='lat' dir='ltr'><strong>in</strong></span> <span class='ocrx_word' id='word_1_205' title='bbox 153 1870 201 1919; x_wconf 81' lang='lat' dir='ltr'><strong>qua</strong></span> <span class='ocrx_word' id='word_1_206' title='bbox 210 1858 285 1905; x_wconf 89' lang='lat' dir='ltr'><strong>etlam</strong></span> <span class='ocrx_word' id='word_1_207' title='bbox 296 1856 431 1906; x_wconf 75' lang='lat' dir='ltr'><strong>honentatis</strong></span> <span class='ocrx_word' id='word_1_208' title='bbox 441 1856 518 1918; x_wconf 71' lang='lat' dir='ltr'><strong>qratia</strong></span> <span class='ocrx_word' id='word_1_209' title='bbox 537 1858 583 1905; x_wconf 87' lang='lat' dir='ltr'><strong>est.</strong></span> <span class='ocrx_word' id='word_1_210' title='bbox 668 1854 785 1902; x_wconf 84' lang='lat' dir='ltr'><strong>siccatum</strong></span> <span class='ocrx_word' id='word_1_211' title='bbox 794 1868 918 1904; x_wconf 63' lang='lat' dir='ltr'><strong>mommo</strong></span> <span class='ocrx_word' id='word_1_212' title='bbox 928 1856 954 1904; x_wconf 87' lang='lat' dir='ltr'><strong>ia</strong></span> <span class='ocrx_word' id='word_1_213' title='bbox 963 1857 1125 1906; x_wconf 79' lang='lat' dir='ltr'><strong>liebrarorum</strong></span> <span class='ocrx_word' id='word_1_214' title='bbox 1134 1859 1198 1906; x_wconf 83' lang='lat' dir='ltr'><strong>traa-</strong></span> 
     </span>
     <span class='ocr_line' id='line_1_25' title="bbox 146 1922 1197 1988; baseline 0.001 -13"><span class='ocrx_word' id='word_1_215' title='bbox 146 1927 185 1975; x_wconf 79' lang='lat'><strong>63.</strong></span> <span class='ocrx_word' id='word_1_216' title='bbox 196 1927 309 1988; x_wconf 86' lang='lat' dir='ltr'><strong>Denique</strong></span> <span class='ocrx_word' id='word_1_217' title='bbox 320 1928 346 1974; x_wconf 91' lang='lat' dir='ltr'><strong>et</strong></span> <span class='ocrx_word' id='word_1_218' title='bbox 355 1927 408 1987; x_wconf 83' lang='lat' dir='ltr'><strong>lpse</strong></span> <span class='ocrx_word' id='word_1_219' title='bbox 418 1938 464 1973; x_wconf 84' lang='lat' dir='ltr'><strong>rex</strong></span> <span class='ocrx_word' id='word_1_220' title='bbox 474 1926 554 1985; x_wconf 87' lang='lat' dir='ltr'><strong>potuit</strong></span> <span class='ocrx_word' id='word_1_221' title='bbox 562 1927 645 1974; x_wconf 85' lang='lat' dir='ltr'><strong>extor-</strong></span> <span class='ocrx_word' id='word_1_222' title='bbox 668 1922 732 1982; x_wconf 85' lang='lat' dir='ltr'><strong>siin,</strong></span> <span class='ocrx_word' id='word_1_223' title='bbox 744 1924 845 1972; x_wconf 79' lang='lat' dir='ltr'><strong>iluxieee</strong></span> <span class='ocrx_word' id='word_1_224' title='bbox 855 1936 944 1985; x_wconf 79' lang='lat' dir='ltr'><strong>uquam</strong></span> <span class='ocrx_word' id='word_1_225' title='bbox 959 1926 990 1973; x_wconf 92' lang='lat' dir='ltr'><strong>de</strong></span> <span class='ocrx_word' id='word_1_226' title='bbox 1000 1927 1084 1987; x_wconf 86' lang='lat' dir='ltr'><strong>petra,</strong></span> <span class='ocrx_word' id='word_1_227' title='bbox 1096 1926 1128 1974; x_wconf 86' lang='lat' dir='ltr'><strong>de</strong></span> <span class='ocrx_word' id='word_1_228' title='bbox 1138 1926 1197 1976; x_wconf 81' lang='lat' dir='ltr'><strong>coele</strong></span> 
     </span>
     <span class='ocr_line' id='line_1_26' title="bbox 115 1992 1198 2057; baseline 0.001 -14"><span class='ocrx_word' id='word_1_229' title='bbox 115 1997 254 2057; x_wconf 82' lang='lat' dir='ltr'><strong>quere,sed</strong></span> <span class='ocrx_word' id='word_1_230' title='bbox 264 1995 395 2056; x_wconf 82' lang='lat' dir='ltr'><strong>impudens</strong></span> <span class='ocrx_word' id='word_1_231' title='bbox 410 1995 590 2056; x_wconf 75' lang='lat' dir='ltr'><strong>arbitrabatur,</strong></span> <span class='ocrx_word' id='word_1_232' title='bbox 602 1997 645 2044; x_wconf 80' lang='lat' dir='ltr'><strong>sed</strong></span> <span class='ocrx_word' id='word_1_233' title='bbox 669 1992 782 2040; x_wconf 81' lang='lat' dir='ltr'><strong>diurnum</strong></span> <span class='ocrx_word' id='word_1_234' title='bbox 802 1995 938 2042; x_wconf 74' lang='lat' dir='ltr'><strong>ministrari</strong></span> <span class='ocrx_word' id='word_1_235' title='bbox 948 1996 1093 2043; x_wconf 87' lang='lat' dir='ltr'><strong>alimoniam</strong></span> <span class='ocrx_word' id='word_1_236' title='bbox 1106 1998 1143 2044; x_wconf 93' lang='lat' dir='ltr'><strong>tot</strong></span> <span class='ocrx_word' id='word_1_237' title='bbox 1158 2008 1198 2057; x_wconf 80' lang='lat' dir='ltr'><strong>po·</strong></span> 
     </span>
     <span class='ocr_line' id='line_1_27' title="bbox 116 2062 1197 2124; baseline 0.002 -13"><span class='ocrx_word' id='word_1_238' title='bbox 116 2066 224 2112; x_wconf 78' lang='lat' dir='ltr'><strong>occisum</strong></span> <span class='ocrx_word' id='word_1_239' title='bbox 242 2064 330 2112; x_wconf 89' lang='lat' dir='ltr'><strong>doluit.</strong></span> <span class='ocrx_word' id='word_1_240' title='bbox 345 2063 463 2111; x_wconf 79' lang='lat' dir='ltr'><strong>Dominus</strong></span> <span class='ocrx_word' id='word_1_241' title='bbox 476 2075 575 2124; x_wconf 89' lang='lat' dir='ltr'><strong>quoque</strong></span> <span class='ocrx_word' id='word_1_242' title='bbox 590 2075 645 2111; x_wconf 92' lang='lat' dir='ltr'><strong>mu·</strong></span> <span class='ocrx_word' id='word_1_243' title='bbox 668 2062 722 2122; x_wconf 92' lang='lat' dir='ltr'><strong>puli</strong></span> <span class='ocrx_word' id='word_1_244' title='bbox 744 2062 855 2112; x_wconf 84' lang='lat' dir='ltr'><strong>millibus</strong></span> <span class='ocrx_word' id='word_1_245' title='bbox 876 2063 1060 2124; x_wconf 76' lang='lat' dir='ltr'><strong>abundantem,</strong></span> <span class='ocrx_word' id='word_1_246' title='bbox 1080 2066 1197 2113; x_wconf 81' lang='lat' dir='ltr'><strong>eorruiree</strong></span> 
     </span>
     <span class='ocr_line' id='line_1_28' title="bbox 115 2130 1195 2194; baseline 0.004 -17"><span class='ocrx_word' id='word_1_247' title='bbox 115 2133 186 2180; x_wconf 84' lang='lat' dir='ltr'><strong>lieris</strong></span> <span class='ocrx_word' id='word_1_248' title='bbox 210 2131 404 2190; x_wconf 85' lang='lat' dir='ltr'><strong>immanitatem,</strong></span> <span class='ocrx_word' id='word_1_249' title='bbox 425 2142 479 2190; x_wconf 78' lang='lat' dir='ltr'><strong>qua·</strong></span> <span class='ocrx_word' id='word_1_250' title='bbox 508 2130 645 2179; x_wconf 81' lang='lat' dir='ltr'><strong>honestetis</strong></span> <span class='ocrx_word' id='word_1_251' title='bbox 669 2142 751 2178; x_wconf 82' lang='lat' dir='ltr'><strong>meme</strong></span> <span class='ocrx_word' id='word_1_252' title='bbox 772 2131 871 2179; x_wconf 80' lang='lat' dir='ltr'><strong>Hierico</strong></span> <span class='ocrx_word' id='word_1_253' title='bbox 897 2142 966 2180; x_wconf 81' lang='lat' dir='ltr'><strong>mero</strong></span> <span class='ocrx_word' id='word_1_254' title='bbox 988 2132 1105 2181; x_wconf 88' lang='lat' dir='ltr'><strong>tubarum</strong></span> <span class='ocrx_word' id='word_1_255' title='bbox 1126 2143 1195 2194; x_wconf 86' lang='lat' dir='ltr'><strong>eone,</strong></span> 
     </span>
     <span class='ocr_line' id='line_1_29' title="bbox 115 2199 1198 2262; baseline 0.003 -14"><span class='ocrx_word' id='word_1_256' title='bbox 115 2204 245 2248; x_wconf 86' lang='lat' dir='ltr'><strong>immemor</strong></span> <span class='ocrx_word' id='word_1_257' title='bbox 254 2202 327 2261; x_wconf 88' lang='lat' dir='ltr'><strong>turpe</strong></span> <span class='ocrx_word' id='word_1_258' title='bbox 336 2200 452 2248; x_wconf 79' lang='lat' dir='ltr'><strong>antetulit</strong></span> <span class='ocrx_word' id='word_1_259' title='bbox 463 2200 559 2247; x_wconf 88' lang='lat' dir='ltr'><strong>lucrum</strong></span> <span class='ocrx_word' id='word_1_260' title='bbox 569 2233 577 2259; x_wconf 95' lang='lat'><strong>,</strong></span> <span class='ocrx_word' id='word_1_261' title='bbox 587 2214 645 2249; x_wconf 89' lang='lat' dir='ltr'><strong>con-</strong></span> <span class='ocrx_word' id='word_1_262' title='bbox 669 2199 736 2259; x_wconf 88' lang='lat' dir='ltr'><strong>ietu,</strong></span> <span class='ocrx_word' id='word_1_263' title='bbox 755 2202 780 2248; x_wconf 91' lang='lat' dir='ltr'><strong>ot</strong></span> <span class='ocrx_word' id='word_1_264' title='bbox 796 2201 892 2249; x_wconf 91' lang='lat' dir='ltr'><strong>ululatu</strong></span> <span class='ocrx_word' id='word_1_265' title='bbox 908 2201 990 2262; x_wconf 83' lang='lat' dir='ltr'><strong>plebia</strong></span> <span class='ocrx_word' id='word_1_266' title='bbox 1003 2203 1134 2261; x_wconf 83' lang='lat' dir='ltr'><strong>arietatos,</strong></span> <span class='ocrx_word' id='word_1_267' title='bbox 1150 2202 1198 2251; x_wconf 85' lang='lat' dir='ltr'><strong>lle·</strong></span> 
     </span>
     <span class='ocr_line' id='line_1_30' title="bbox 114 2267 1199 2331; baseline 0.002 -14"><span class='ocrx_word' id='word_1_268' title='bbox 114 2283 175 2331; x_wconf 75' lang='lat' dir='ltr'><strong>gruo</strong></span> <span class='ocrx_word' id='word_1_269' title='bbox 183 2269 305 2330; x_wconf 82' lang='lat' dir='ltr'><strong>supplicio</strong></span> <span class='ocrx_word' id='word_1_270' title='bbox 313 2268 469 2330; x_wconf 86' lang='lat' dir='ltr'><strong>plectendam</strong></span> <span class='ocrx_word' id='word_1_271' title='bbox 477 2270 643 2318; x_wconf 81' lang='lat' dir='ltr'><strong>annuntiavit.</strong></span> <span class='ocrx_word' id='word_1_272' title='bbox 669 2267 786 2316; x_wconf 79' lang='lat' dir='ltr'><strong>llraeorum</strong></span> <span class='ocrx_word' id='word_1_273' title='bbox 798 2282 894 2330; x_wconf 92' lang='lat' dir='ltr'><strong>quoque</strong></span> <span class='ocrx_word' id='word_1_274' title='bbox 906 2282 989 2331; x_wconf 76' lang='lat' dir='ltr'><strong>roqem</strong></span> <span class='ocrx_word' id='word_1_275' title='bbox 999 2270 1141 2329; x_wconf 76' lang='lat' dir='ltr'><strong>rictum,et</strong></span> <span class='ocrx_word' id='word_1_276' title='bbox 1150 2282 1199 2318; x_wconf 77' lang='lat' dir='ltr'><strong>aue·</strong></span> 
     </span>
     <span class='ocr_line' id='line_1_31' title="bbox 146 2337 1196 2401; baseline 0.001 -14"><span class='ocrx_word' id='word_1_277' title='bbox 146 2338 185 2387; x_wconf 78' lang='lat' dir='ltr'><strong>illa.</strong></span> <span class='ocrx_word' id='word_1_278' title='bbox 203 2338 292 2400; x_wconf 85' lang='lat' dir='ltr'><strong>&#39;lurpie</strong></span> <span class='ocrx_word' id='word_1_279' title='bbox 311 2339 348 2386; x_wconf 85' lang='lat' dir='ltr'><strong>cet</strong></span> <span class='ocrx_word' id='word_1_280' title='bbox 368 2337 451 2399; x_wconf 86' lang='lat' dir='ltr'><strong>ltaque</strong></span> <span class='ocrx_word' id='word_1_281' title='bbox 471 2339 551 2386; x_wconf 88' lang='lat' dir='ltr'><strong>omnis</strong></span> <span class='ocrx_word' id='word_1_282' title='bbox 569 2337 643 2388; x_wconf 84' lang='lat' dir='ltr'><strong>imus.</strong></span> <span class='ocrx_word' id='word_1_283' title='bbox 669 2347 771 2394; x_wconf 89' lang='lat' dir='ltr'><strong>peneum</strong></span> <span class='ocrx_word' id='word_1_284' title='bbox 788 2338 815 2385; x_wconf 93' lang='lat' dir='ltr'><strong>in</strong></span> <span class='ocrx_word' id='word_1_285' title='bbox 831 2337 896 2398; x_wconf 78' lang='lat' dir='ltr'><strong>liqno</strong></span> <span class='ocrx_word' id='word_1_286' title='bbox 908 2351 987 2399; x_wconf 82' lang='lat' dir='ltr'><strong>nequo</strong></span> <span class='ocrx_word' id='word_1_287' title='bbox 1001 2337 1033 2385; x_wconf 90' lang='lat' dir='ltr'><strong>ad</strong></span> <span class='ocrx_word' id='word_1_288' title='bbox 1051 2351 1196 2401; x_wconf 71' lang='lat' dir='ltr'><strong>vesperam</strong></span> 
     </span>
     <span class='ocr_line' id='line_1_32' title="bbox 114 2405 1197 2471; baseline 0.002 -15"><span class='ocrx_word' id='word_1_289' title='bbox 114 2410 228 2471; x_wconf 84' lang='lat' dir='ltr'><strong>Denique</strong></span> <span class='ocrx_word' id='word_1_290' title='bbox 245 2409 320 2457; x_wconf 87' lang='lat' dir='ltr'><strong>etiam</strong></span> <span class='ocrx_word' id='word_1_291' title='bbox 336 2407 363 2457; x_wconf 90' lang='lat' dir='ltr'><strong>in</strong></span> <span class='ocrx_word' id='word_1_292' title='bbox 377 2406 555 2458; x_wconf 72' lang='lat' dir='ltr'><strong>rebue&#39;rilibue</strong></span> <span class='ocrx_word' id='word_1_293' title='bbox 573 2421 645 2457; x_wconf 81' lang='lat' dir='ltr'><strong>exeo-</strong></span> <span class='ocrx_word' id='word_1_294' title='bbox 667 2405 808 2455; x_wconf 78' lang='lat' dir='ltr'><strong>Gabaonitae</strong></span> <span class='ocrx_word' id='word_1_295' title='bbox 815 2409 955 2456; x_wconf 86' lang='lat' dir='ltr'><strong>metuentes</strong></span> <span class='ocrx_word' id='word_1_296' title='bbox 965 2409 1072 2455; x_wconf 83' lang='lat' dir='ltr'><strong>validam</strong></span> <span class='ocrx_word' id='word_1_297' title='bbox 1083 2422 1197 2468; x_wconf 87' lang='lat' dir='ltr'><strong>manum,</strong></span> 
     </span>
     <span class='ocr_line' id='line_1_33' title="bbox 115 2476 1198 2538; baseline -0.001 -10"><span class='ocrx_word' id='word_1_298' title='bbox 115 2479 215 2528; x_wconf 86' lang='lat' dir='ltr'><strong>crubilie</strong></span> <span class='ocrx_word' id='word_1_299' title='bbox 224 2479 262 2528; x_wconf 85' lang='lat' dir='ltr'><strong>eet</strong></span> <span class='ocrx_word' id='word_1_300' title='bbox 272 2480 369 2527; x_wconf 79' lang='lat' dir='ltr'><strong>etaterae</strong></span> <span class='ocrx_word' id='word_1_301' title='bbox 379 2477 492 2538; x_wconf 76' lang='lat' dir='ltr'><strong>fallacia,</strong></span> <span class='ocrx_word' id='word_1_302' title='bbox 504 2478 531 2526; x_wconf 90' lang='lat' dir='ltr'><strong>et</strong></span> <span class='ocrx_word' id='word_1_303' title='bbox 545 2477 645 2526; x_wconf 86' lang='lat' dir='ltr'><strong>iraudu-</strong></span> <span class='ocrx_word' id='word_1_304' title='bbox 668 2478 790 2523; x_wconf 86' lang='lat' dir='ltr'><strong>venerunt</strong></span> <span class='ocrx_word' id='word_1_305' title='bbox 801 2489 858 2523; x_wconf 88' lang='lat' dir='ltr'><strong>cum</strong></span> <span class='ocrx_word' id='word_1_306' title='bbox 873 2476 996 2537; x_wconf 80' lang='lat' dir='ltr'><strong>rorantia,</strong></span> <span class='ocrx_word' id='word_1_307' title='bbox 1011 2478 1160 2527; x_wconf 70' lang='lat' dir='ltr'><strong>simulantes</strong></span> <span class='ocrx_word' id='word_1_308' title='bbox 1171 2492 1198 2527; x_wconf 84' lang='lat' dir='ltr'><strong>ec</strong></span> 
     </span>
     <span class='ocr_line' id='line_1_34' title="bbox 113 2544 1197 2608; baseline 0 -13"><span class='ocrx_word' id='word_1_309' title='bbox 113 2548 182 2595; x_wconf 82' lang='lat' dir='ltr'><strong>lenta</strong></span> <span class='ocrx_word' id='word_1_310' title='bbox 192 2560 316 2595; x_wconf 82' lang='lat' dir='ltr'><strong>mensura.</strong></span> <span class='ocrx_word' id='word_1_311' title='bbox 335 2546 360 2595; x_wconf 85' lang='lat' dir='ltr'><strong>si</strong></span> <span class='ocrx_word' id='word_1_312' title='bbox 376 2548 401 2594; x_wconf 92' lang='lat' dir='ltr'><strong>in</strong></span> <span class='ocrx_word' id='word_1_313' title='bbox 413 2545 465 2594; x_wconf 88' lang='lat' dir='ltr'><strong>ioro</strong></span> <span class='ocrx_word' id='word_1_314' title='bbox 475 2558 558 2594; x_wconf 88' lang='lat' dir='ltr'><strong>rerum</strong></span> <span class='ocrx_word' id='word_1_315' title='bbox 570 2559 644 2595; x_wconf 81' lang='lat' dir='ltr'><strong>rena·</strong></span> <span class='ocrx_word' id='word_1_316' title='bbox 668 2544 776 2593; x_wconf 82' lang='lat' dir='ltr'><strong>deterre</strong></span> <span class='ocrx_word' id='word_1_317' title='bbox 794 2545 926 2606; x_wconf 75' lang='lat' dir='ltr'><strong>lonqinquo</strong></span> <span class='ocrx_word' id='word_1_318' title='bbox 938 2557 1007 2605; x_wconf 82' lang='lat' dir='ltr'><strong>esso,</strong></span> <span class='ocrx_word' id='word_1_319' title='bbox 1022 2545 1118 2607; x_wconf 90' lang='lat' dir='ltr'><strong>diuque</strong></span> <span class='ocrx_word' id='word_1_320' title='bbox 1129 2560 1197 2608; x_wconf 84' lang='lat' dir='ltr'><strong>pere·</strong></span> 
     </span>
     <span class='ocr_line' id='line_1_35' title="bbox 114 2613 1198 2676; baseline 0.001 -13"><span class='ocrx_word' id='word_1_321' title='bbox 114 2616 186 2675; x_wconf 91' lang='lat' dir='ltr'><strong>lium,</strong></span> <span class='ocrx_word' id='word_1_322' title='bbox 196 2617 224 2664; x_wconf 91' lang='lat' dir='ltr'><strong>ln</strong></span> <span class='ocrx_word' id='word_1_323' title='bbox 232 2629 279 2664; x_wconf 83' lang='lat' dir='ltr'><strong>usu</strong></span> <span class='ocrx_word' id='word_1_324' title='bbox 290 2615 491 2664; x_wconf 84' lang='lat' dir='ltr'><strong>commerciorum</strong></span> <span class='ocrx_word' id='word_1_325' title='bbox 502 2614 567 2663; x_wconf 82' lang='lat' dir='ltr'><strong>traua</strong></span> <span class='ocrx_word' id='word_1_326' title='bbox 578 2616 644 2676; x_wconf 89' lang='lat' dir='ltr'><strong>pluc·</strong></span> <span class='ocrx_word' id='word_1_327' title='bbox 667 2613 775 2673; x_wconf 73' lang='lat' dir='ltr'><strong>grinatos</strong></span> <span class='ocrx_word' id='word_1_328' title='bbox 794 2614 916 2674; x_wconf 72' lang='lat' dir='ltr'><strong>dirupisse</strong></span> <span class='ocrx_word' id='word_1_329' title='bbox 932 2615 1112 2676; x_wconf 77' lang='lat' dir='ltr'><strong>calciamenta,</strong></span> <span class='ocrx_word' id='word_1_330' title='bbox 1125 2617 1198 2664; x_wconf 84' lang='lat' dir='ltr'><strong>detri-</strong></span> 
     </span>
     <span class='ocr_line' id='line_1_36' title="bbox 114 2683 1199 2745; baseline 0.002 -12"><span class='ocrx_word' id='word_1_331' title='bbox 114 2685 185 2744; x_wconf 91' lang='lat' dir='ltr'><strong>titur,</strong></span> <span class='ocrx_word' id='word_1_332' title='bbox 200 2684 313 2745; x_wconf 83' lang='lat' dir='ltr'><strong>potestne</strong></span> <span class='ocrx_word' id='word_1_333' title='bbox 330 2683 554 2743; x_wconf 84' lang='lat' dir='ltr'><strong>irreprehensibilis</strong></span> <span class='ocrx_word' id='word_1_334' title='bbox 564 2683 643 2732; x_wconf 84' lang='lat' dir='ltr'><strong>videri</strong></span> <span class='ocrx_word' id='word_1_335' title='bbox 668 2683 731 2730; x_wconf 83' lang='lat' dir='ltr'><strong>visse</strong></span> <span class='ocrx_word' id='word_1_336' title='bbox 743 2683 846 2730; x_wconf 85' lang='lat' dir='ltr'><strong>amictus</strong></span> <span class='ocrx_word' id='word_1_337' title='bbox 855 2683 970 2742; x_wconf 84' lang='lat' dir='ltr'><strong>vestium,</strong></span> <span class='ocrx_word' id='word_1_338' title='bbox 979 2688 1199 2744; x_wconf 80' lang='lat' dir='ltr'><strong>quarumvetema·</strong></span> 
     </span>
     <span class='ocr_line' id='line_1_37' title="bbox 114 2751 1197 2803; baseline 0 0"><span class='ocrx_word' id='word_1_339' title='bbox 114 2757 180 2803; x_wconf 86' lang='lat' dir='ltr'><strong>inter</strong></span> <span class='ocrx_word' id='word_1_340' title='bbox 189 2755 268 2802; x_wconf 88' lang='lat' dir='ltr'><strong>oitlcia</strong></span> <span class='ocrx_word' id='word_1_341' title='bbox 289 2752 422 2799; x_wconf 82' lang='lat' dir='ltr'><strong>virtutumi</strong></span> <span class='ocrx_word' id='word_1_342' title='bbox 436 2752 560 2800; x_wconf 83' lang='lat' dir='ltr'><strong>Clamabat</strong></span> <span class='ocrx_word' id='word_1_343' title='bbox 576 2754 644 2800; x_wconf 89' lang='lat' dir='ltr'><strong>Snlo·</strong></span> <span class='ocrx_word' id='word_1_344' title='bbox 667 2751 778 2798; x_wconf 88' lang='lat' dir='ltr'><strong>centium</strong></span> <span class='ocrx_word' id='word_1_345' title='bbox 792 2751 884 2799; x_wconf 90' lang='lat' dir='ltr'><strong>indicia</strong></span> <span class='ocrx_word' id='word_1_346' title='bbox 903 2755 1085 2800; x_wconf 77' lang='lat' dir='ltr'><strong>monstrarentc</strong></span> <span class='ocrx_word' id='word_1_347' title='bbox 1097 2767 1197 2803; x_wconf 80' lang='lat' dir='ltr'><strong>caueam</strong></span> 
     </span>
     <span class='ocr_line' id='line_1_38' title="bbox 113 2819 1205 2883; baseline 0.001 -13"><span class='ocrx_word' id='word_1_348' title='bbox 113 2836 170 2870; x_wconf 88' lang='lat' dir='ltr'><strong>mon</strong></span> <span class='ocrx_word' id='word_1_349' title='bbox 186 2837 192 2869; x_wconf 90' lang='lat'><strong>:</strong></span> <span class='ocrx_word' id='word_1_350' title='bbox 204 2824 298 2870; x_wconf 78' lang='lat' dir='ltr'><strong>l’ondru</strong></span> <span class='ocrx_word' id='word_1_351' title='bbox 316 2834 427 2882; x_wconf 83' lang='lat' dir='ltr'><strong>mepnum</strong></span> <span class='ocrx_word' id='word_1_352' title='bbox 438 2823 460 2868; x_wconf 85' lang='lat' dir='ltr'><strong>et</strong></span> <span class='ocrx_word' id='word_1_353' title='bbox 474 2824 604 2881; x_wconf 71' lang='lat' dir='ltr'><strong>eripuere,</strong></span> <span class='ocrx_word' id='word_1_354' title='bbox 623 2826 644 2870; x_wconf 71' lang='lat' dir='ltr'><strong>ei</strong></span> <span class='ocrx_word' id='word_1_355' title='bbox 667 2821 749 2867; x_wconf 85' lang='lat' dir='ltr'><strong>nutem</strong></span> <span class='ocrx_word' id='word_1_356' title='bbox 761 2821 822 2867; x_wconf 82' lang='lat' dir='ltr'><strong>tenti</strong></span> <span class='ocrx_word' id='word_1_357' title='bbox 831 2819 929 2879; x_wconf 88' lang='lat' dir='ltr'><strong>laboris,</strong></span> <span class='ocrx_word' id='word_1_358' title='bbox 940 2821 1078 2871; x_wconf 67' lang='lat' dir='ltr'><strong>emerenda</strong></span> <span class='ocrx_word' id='word_1_359' title='bbox 1084 2823 1163 2883; x_wconf 79' lang='lat' dir='ltr'><strong>pecie,</strong></span> <span class='ocrx_word' id='word_1_360' title='bbox 1173 2824 1205 2871; x_wconf 86' lang='lat' dir='ltr'><strong>et-</strong></span> 
     </span>
     <span class='ocr_line' id='line_1_39' title="bbox 112 2887 1198 2951; baseline 0.002 -12"><span class='ocrx_word' id='word_1_361' title='bbox 112 2891 338 2951; x_wconf 78' lang='lat' dir='ltr'><strong>mencuroeduplicec</strong></span> <span class='ocrx_word' id='word_1_362' title='bbox 354 2891 545 2939; x_wconf 72' lang='lat' dir='ltr'><strong>inobodierunt</strong></span> <span class='ocrx_word' id='word_1_363' title='bbox 563 2905 644 2939; x_wconf 83' lang='lat' dir='ltr'><strong>eorem</strong></span> <span class='ocrx_word' id='word_1_364' title='bbox 668 2887 780 2936; x_wconf 75' lang='lat' dir='ltr'><strong>ineunda</strong></span> <span class='ocrx_word' id='word_1_365' title='bbox 798 2901 855 2936; x_wconf 90' lang='lat' dir='ltr'><strong>cum</strong></span> <span class='ocrx_word' id='word_1_366' title='bbox 874 2890 983 2938; x_wconf 80' lang='lat' dir='ltr'><strong>liobraeia</strong></span> <span class='ocrx_word' id='word_1_367' title='bbox 1005 2903 1058 2938; x_wconf 78' lang='lat' dir='ltr'><strong>esee</strong></span> <span class='ocrx_word' id='word_1_368' title='bbox 1081 2892 1198 2941; x_wconf 74' lang='lat' dir='ltr'><strong>amicitie</strong></span> 
     </span>
     <span class='ocr_line' id='line_1_40' title="bbox 113 2958 1198 3020; baseline 0.001 -12"><span class='ocrx_word' id='word_1_369' title='bbox 113 2963 224 3009; x_wconf 78' lang='lat' dir='ltr'><strong>lloorieo.</strong></span> <span class='ocrx_word' id='word_1_370' title='bbox 231 2959 412 3020; x_wconf 82' lang='lat' dir='ltr'><strong>Supmquoque</strong></span> <span class='ocrx_word' id='word_1_371' title='bbox 420 2959 470 3005; x_wconf 89' lang='lat' dir='ltr'><strong>alt:</strong></span> <span class='ocrx_word' id='word_1_372' title='bbox 478 2962 571 3007; x_wconf 71' lang='lat' dir='ltr'><strong>stertere</strong></span> <span class='ocrx_word' id='word_1_373' title='bbox 576 2963 644 3009; x_wconf 77' lang='lat' dir='ltr'><strong>adet.</strong></span> <span class='ocrx_word' id='word_1_374' title='bbox 667 2958 827 3017; x_wconf 77' lang='lat' dir='ltr'><strong>cupiditatem</strong></span> <span class='ocrx_word' id='word_1_375' title='bbox 837 2973 844 3005; x_wconf 76' lang='lat' dir='ltr'><strong>c</strong></span> <span class='ocrx_word' id='word_1_376' title='bbox 854 2959 879 3006; x_wconf 88' lang='lat' dir='ltr'><strong>ot</strong></span> <span class='ocrx_word' id='word_1_377' title='bbox 886 2961 1015 3019; x_wconf 80' lang='lat' dir='ltr'><strong>ceperunt</strong></span> <span class='ocrx_word' id='word_1_378' title='bbox 1023 2959 1055 3006; x_wconf 89' lang='lat' dir='ltr'><strong>ab</strong></span> <span class='ocrx_word' id='word_1_379' title='bbox 1061 2961 1123 3007; x_wconf 80' lang='lat' dir='ltr'><strong>Jeeu</strong></span> <span class='ocrx_word' id='word_1_380' title='bbox 1133 2962 1198 3009; x_wconf 83' lang='lat' dir='ltr'><strong>liare</strong></span> 
     </span>
     <span class='ocr_line' id='line_1_41' title="bbox 113 3029 1197 3089; baseline 0.003 -13"><span class='ocrx_word' id='word_1_381' title='bbox 113 3033 175 3087; x_wconf 84' lang='lat' dir='ltr'><strong>iere,</strong></span> <span class='ocrx_word' id='word_1_382' title='bbox 186 3029 329 3076; x_wconf 83' lang='lat' dir='ltr'><strong>ebonrinotio</strong></span> <span class='ocrx_word' id='word_1_383' title='bbox 339 3031 372 3076; x_wconf 82' lang='lat' dir='ltr'><strong>cet</strong></span> <span class='ocrx_word' id='word_1_384' title='bbox 380 3029 491 3087; x_wconf 80' lang='lat' dir='ltr'><strong>Domino,</strong></span> <span class='ocrx_word' id='word_1_385' title='bbox 498 3031 589 3089; x_wconf 74' lang='lat' dir='ltr'><strong>pondre</strong></span> <span class='ocrx_word' id='word_1_386' title='bbox 599 3045 639 3079; x_wconf 82' lang='lat' dir='ltr'><strong>ou·</strong></span> <span class='ocrx_word' id='word_1_387' title='bbox 667 3039 781 3087; x_wconf 81' lang='lat' dir='ltr'><strong>poscere,</strong></span> <span class='ocrx_word' id='word_1_388' title='bbox 794 3030 823 3076; x_wconf 93' lang='lat' dir='ltr'><strong>ut</strong></span> <span class='ocrx_word' id='word_1_389' title='bbox 832 3041 915 3076; x_wconf 86' lang='lat' dir='ltr'><strong>seeum</strong></span> <span class='ocrx_word' id='word_1_390' title='bbox 927 3029 1034 3077; x_wconf 83' lang='lat' dir='ltr'><strong>firmaret</strong></span> <span class='ocrx_word' id='word_1_391' title='bbox 1043 3029 1197 3079; x_wconf 75' lang='lat' dir='ltr'><strong>societatem.</strong></span> 
     </span>
     <span class='ocr_line' id='line_1_42' title="bbox 114 3096 1197 3159; baseline 0.003 -14"><span class='ocrx_word' id='word_1_392' title='bbox 114 3101 160 3145; x_wconf 81' lang='lat' dir='ltr'><strong>iem</strong></span> <span class='ocrx_word' id='word_1_393' title='bbox 169 3109 260 3159; x_wconf 81' lang='lat' dir='ltr'><strong>equom</strong></span> <span class='ocrx_word' id='word_1_394' title='bbox 271 3097 408 3158; x_wconf 73' lang='lat' dir='ltr'><strong>acceptabile</strong></span> <span class='ocrx_word' id='word_1_395' title='bbox 418 3100 451 3146; x_wconf 80' lang='lat' dir='ltr'><strong>eet</strong></span> <span class='ocrx_word' id='word_1_396' title='bbox 461 3098 504 3146; x_wconf 87' lang='lat' dir='ltr'><strong>iili.</strong></span> <span class='ocrx_word' id='word_1_397' title='bbox 668 3096 767 3157; x_wconf 78' lang='lat' dir='ltr'><strong>etqua</strong></span> <span class='ocrx_word' id='word_1_398' title='bbox 785 3097 864 3144; x_wconf 68' lang='lat' dir='ltr'><strong>belliue</strong></span> <span class='ocrx_word' id='word_1_399' title='bbox 886 3101 939 3144; x_wconf 80' lang='lat' dir='ltr'><strong>erut</strong></span> <span class='ocrx_word' id='word_1_400' title='bbox 954 3097 1053 3156; x_wconf 60' lang='lat' dir='ltr'><strong>tartarus</strong></span> <span class='ocrx_word' id='word_1_401' title='bbox 1072 3098 1197 3157; x_wconf 89' lang='lat' dir='ltr'><strong>locorum,</strong></span> 
     </span>
     <span class='ocr_line' id='line_1_43' title="bbox 341 3165 1199 3227; baseline 0.012 -20"><span class='ocrx_word' id='word_1_402' title='bbox 341 3208 413 3219; x_wconf 56' lang='grc'><strong>,-</strong></span> <span class='ocrx_word' id='word_1_403' title='bbox 666 3165 741 3224; x_wconf 79' lang='lat' dir='ltr'><strong>aitque</strong></span> <span class='ocrx_word' id='word_1_404' title='bbox 752 3165 886 3213; x_wconf 86' lang='lat' dir='ltr'><strong>incolarum</strong></span> <span class='ocrx_word' id='word_1_405' title='bbox 905 3166 1010 3224; x_wconf 78' lang='lat' dir='ltr'><strong>inscius,</strong></span> <span class='ocrx_word' id='word_1_406' title='bbox 1021 3178 1073 3214; x_wconf 90' lang='lat' dir='ltr'><strong>nou</strong></span> <span class='ocrx_word' id='word_1_407' title='bbox 1083 3168 1199 3227; x_wconf 79' lang='lat' dir='ltr'><strong>coquoril</strong></span> 
     </span>
    </p>
   </div>
   <div class='ocr_carea' id='block_1_3' title="bbox 282 3233 1196 3352">
    <p class='ocr_par' dir='ltr' id='par_1_3' title="bbox 282 3233 1196 3352">
     <span class='ocr_line' id='line_1_44' title="bbox 282 3233 1196 3352; baseline -0.048 25"><span class='ocrx_word' id='word_1_408' title='bbox 282 3281 407 3336; x_wconf 68' lang='lat' dir='ltr'><strong>ceu</strong></span> <span class='ocrx_word' id='word_1_409' title='bbox 433 3284 472 3334; x_wconf 75' lang='lat' dir='ltr'><strong>x·</strong></span> <span class='ocrx_word' id='word_1_410' title='bbox 667 3233 1049 3352; x_wconf 48' lang='grc' dir='ltr'><strong>11111111111111.11ιΙῙι</strong></span> <span class='ocrx_word' id='word_1_411' title='bbox 1058 3239 1196 3299; x_wconf 64' lang='lat' dir='ltr'><strong>“e</strong></span> 
     </span>
    </p>
   </div>
   <div class='ocr_carea' id='block_1_4' title="bbox 113 3372 1198 3505">
    <p class='ocr_par' dir='ltr' id='par_1_4' title="bbox 113 3372 1198 3505">
     <span class='ocr_line' id='line_1_45' title="bbox 113 3372 1198 3438; baseline 0.008 -9"><span class='ocrx_word' id='word_1_412' title='bbox 113 3389 144 3429; x_wconf 77' lang='lat' dir='ltr'><strong>Ile</strong></span> <span class='ocrx_word' id='word_1_413' title='bbox 157 3389 233 3431; x_wconf 77' lang='lat' dir='ltr'><strong>frande</strong></span> <span class='ocrx_word' id='word_1_414' title='bbox 244 3391 268 3429; x_wconf 91' lang='lat' dir='ltr'><strong>in</strong></span> <span class='ocrx_word' id='word_1_415' title='bbox 281 3396 341 3432; x_wconf 84' lang='lat' dir='ltr'><strong>omni</strong></span> <span class='ocrx_word' id='word_1_416' title='bbox 353 3394 467 3431; x_wconf 86' lang='lat' dir='ltr'><strong>contractu</strong></span> <span class='ocrx_word' id='word_1_417' title='bbox 481 3391 583 3438; x_wconf 80' lang='lat' dir='ltr'><strong>tuqleeua</strong></span> <span class='ocrx_word' id='word_1_418' title='bbox 598 3402 641 3431; x_wconf 89' lang='lat' dir='ltr'><strong>non</strong></span> <span class='ocrx_word' id='word_1_419' title='bbox 696 3372 735 3419; x_wconf 78' lang='lat'><strong>67·</strong></span> <span class='ocrx_word' id='word_1_420' title='bbox 747 3373 814 3419; x_wconf 45' lang='lat'><strong>1⁶⁰⁰</strong></span> <span class='ocrx_word' id='word_1_421' title='bbox 826 3374 907 3420; x_wconf 55' lang='lat' dir='ltr'><strong>sancta</strong></span> <span class='ocrx_word' id='word_1_422' title='bbox 919 3374 972 3420; x_wconf 49' lang='grc' dir='ltr'><strong>Ἧι</strong></span> <span class='ocrx_word' id='word_1_423' title='bbox 984 3374 1036 3423; x_wconf 51' lang='lat' dir='ltr'><strong>inst</strong></span> <span class='ocrx_word' id='word_1_424' title='bbox 1045 3375 1198 3437; x_wconf 63' lang='grc' dir='ltr'><strong>ῙΘῙῙῘΡΟΓῙΜ*</strong></span> 
     </span>
     <span class='ocr_line' id='line_1_46' title="bbox 135 3441 1198 3505; baseline 0.009 -23"><span class='ocrx_word' id='word_1_425' title='bbox 135 3445 203 3483; x_wconf 81' lang='lat' dir='ltr'><strong>eolurn</strong></span> <span class='ocrx_word' id='word_1_426' title='bbox 213 3446 235 3482; x_wconf 87' lang='lat' dir='ltr'><strong>in</strong></span> <span class='ocrx_word' id='word_1_427' title='bbox 246 3446 331 3494; x_wconf 88' lang='lat' dir='ltr'><strong>politico</strong></span> <span class='ocrx_word' id='word_1_428' title='bbox 338 3448 390 3494; x_wconf 75' lang='lat' dir='ltr'><strong>iure</strong></span> <span class='ocrx_word' id='word_1_429' title='bbox 402 3450 492 3484; x_wconf 83' lang='lat' dir='ltr'><strong>cautum</strong></span> <span class='ocrx_word' id='word_1_430' title='bbox 501 3455 553 3488; x_wconf 71' lang='lat' dir='ltr'><strong>eme,</strong></span> <span class='ocrx_word' id='word_1_431' title='bbox 563 3457 641 3484; x_wconf 75' lang='lat' dir='ltr'><strong>verum</strong></span> <span class='ocrx_word' id='word_1_432' title='bbox 665 3442 726 3489; x_wconf 77' lang='lat' dir='ltr'><strong>fidet</strong></span> <span class='ocrx_word' id='word_1_433' title='bbox 733 3454 829 3501; x_wconf 85' lang='lat' dir='ltr'><strong>eorum,</strong></span> <span class='ocrx_word' id='word_1_434' title='bbox 837 3443 864 3489; x_wconf 81' lang='lat' dir='ltr'><strong>tlt</strong></span> <span class='ocrx_word' id='word_1_435' title='bbox 873 3441 957 3490; x_wconf 71' lang='lat' dir='ltr'><strong>fallere</strong></span> <span class='ocrx_word' id='word_1_436' title='bbox 964 3443 1058 3503; x_wconf 69' lang='lat' dir='ltr'><strong>aliquos</strong></span> <span class='ocrx_word' id='word_1_437' title='bbox 1069 3457 1141 3505; x_wconf 67' lang='lat' dir='ltr'><strong>posse</strong></span> <span class='ocrx_word' id='word_1_438' title='bbox 1151 3458 1198 3495; x_wconf 83' lang='lat' dir='ltr'><strong>noti</strong></span> 
     </span>
    </p>
   </div>
   <div class='ocr_carea' id='block_1_5' title="bbox 134 3497 1198 3573">
    <p class='ocr_par' dir='ltr' id='par_1_5' title="bbox 134 3497 1198 3573">
     <span class='ocr_line' id='line_1_47' title="bbox 134 3497 1198 3573; baseline 0.005 -37"><span class='ocrx_word' id='word_1_439' title='bbox 134 3500 197 3537; x_wconf 85' lang='lat' dir='ltr'><strong>etiarn</strong></span> <span class='ocrx_word' id='word_1_440' title='bbox 208 3501 230 3536; x_wconf 84' lang='grc'><strong>111</strong></span> <span class='ocrx_word' id='word_1_441' title='bbox 238 3500 399 3545; x_wconf 72' lang='lat' dir='ltr'><strong>ucrblltterie,</strong></span> <span class='ocrx_word' id='word_1_442' title='bbox 412 3503 436 3536; x_wconf 91' lang='lat' dir='ltr'><strong>ut</strong></span> <span class='ocrx_word' id='word_1_443' title='bbox 444 3499 509 3538; x_wconf 77' lang='lat' dir='ltr'><strong>Joeue</strong></span> <span class='ocrx_word' id='word_1_444' title='bbox 519 3510 544 3539; x_wconf 88' lang='lat' dir='ltr'><strong>ae</strong></span> <span class='ocrx_word' id='word_1_445' title='bbox 553 3497 640 3541; x_wconf 82' lang='lat' dir='ltr'><strong>Gabao-</strong></span> <span class='ocrx_word' id='word_1_446' title='bbox 665 3512 816 3560; x_wconf 49' lang='lat' dir='ltr'><strong>crederetur·</strong></span> <span class='ocrx_word' id='word_1_447' title='bbox 840 3513 901 3571; x_wconf 57' lang='lat' dir='ltr'>Quis</span> <span class='ocrx_word' id='word_1_448' title='bbox 922 3513 968 3561; x_wconf 91' lang='lat' dir='ltr'><strong>boc</strong></span> <span class='ocrx_word' id='word_1_449' title='bbox 987 3514 1157 3573; x_wconf 60' lang='lat' dir='ltr'><strong>mmmm</strong></span> <span class='ocrx_word' id='word_1_450' title='bbox 1172 3517 1198 3563; x_wconf 60' lang='grc' dir='ltr'><strong>ὴ,</strong></span> 
     </span>
    </p>
   </div>
   <div class='ocr_carea' id='block_1_6' title="bbox 134 3553 1199 3641">
    <p class='ocr_par' dir='ltr' id='par_1_6' title="bbox 134 3553 1199 3641">
     <span class='ocr_line' id='line_1_48' title="bbox 134 3553 1199 3641; baseline 0.029 -38"><span class='ocrx_word' id='word_1_451' title='bbox 134 3555 231 3591; x_wconf 67' lang='lat' dir='ltr'><strong>uriarum</strong></span> <span class='ocrx_word' id='word_1_452' title='bbox 242 3556 297 3601; x_wconf 57' lang='grc' dir='ltr'><strong>ΡΜ</strong></span> <span class='ocrx_word' id='word_1_453' title='bbox 307 3553 411 3601; x_wconf 71' lang='lat' dir='ltr'><strong>²¹⁸¹¹¹l²¹⁰·</strong></span> <span class='ocrx_word' id='word_1_454' title='bbox 629 3628 637 3641; x_wconf 50' lang='grc'><strong>,</strong></span> <span class='ocrx_word' id='word_1_455' title='bbox 666 3581 765 3641; x_wconf 75' lang='lat' dir='ltr'><strong>salictis,</strong></span> <span class='ocrx_word' id='word_1_456' title='bbox 775 3581 817 3640; x_wconf 88' lang='lat' dir='ltr'><strong>qui</strong></span> <span class='ocrx_word' id='word_1_457' title='bbox 828 3584 928 3629; x_wconf 75' lang='lat' dir='ltr'><strong>cetoros</strong></span> <span class='ocrx_word' id='word_1_458' title='bbox 936 3581 967 3629; x_wconf 87' lang='lat' dir='ltr'><strong>de</strong></span> <span class='ocrx_word' id='word_1_459' title='bbox 977 3593 1022 3629; x_wconf 82' lang='lat' dir='ltr'><strong>eno</strong></span> <span class='ocrx_word' id='word_1_460' title='bbox 1032 3583 1123 3632; x_wconf 84' lang='lat' dir='ltr'><strong>ellectu</strong></span> <span class='ocrx_word' id='word_1_461' title='bbox 1133 3588 1199 3633; x_wconf 80' lang='lat' dir='ltr'><strong>aeoli·</strong></span> 
     </span>
    </p>
   </div>
   <div class='ocr_carea' id='block_1_7' title="bbox 108 3642 1203 3987">
    <p class='ocr_par' dir='ltr' id='par_1_7' title="bbox 108 3642 1203 3987">
     <span class='ocr_line' id='line_1_49' title="bbox 142 3642 1197 3714; baseline 0.009 -20"><span class='ocrx_word' id='word_1_462' title='bbox 142 3646 181 3694; x_wconf 74' lang='grc'><strong>65.</strong></span> <span class='ocrx_word' id='word_1_463' title='bbox 192 3644 559 3705; x_wconf 78' lang='lat' dir='ltr'><strong>lnomnlbuelqiturdecornest</strong></span> <span class='ocrx_word' id='word_1_464' title='bbox 570 3642 640 3709; x_wconf 73' lang='lat' dir='ltr'><strong>tideo,</strong></span> <span class='ocrx_word' id='word_1_465' title='bbox 667 3652 748 3709; x_wconf 61' lang='lat' dir='ltr'><strong>urrann</strong></span> <span class='ocrx_word' id='word_1_466' title='bbox 763 3653 788 3698; x_wconf 91' lang='lat' dir='ltr'><strong>et</strong></span> <span class='ocrx_word' id='word_1_467' title='bbox 798 3653 855 3711; x_wconf 82' lang='lat' dir='ltr'><strong>quia</strong></span> <span class='ocrx_word' id='word_1_468' title='bbox 869 3652 929 3711; x_wconf 85' lang='lat' dir='ltr'><strong>ipeie</strong></span> <span class='ocrx_word' id='word_1_469' title='bbox 947 3653 1026 3700; x_wconf 85' lang='lat' dir='ltr'><strong>amica</strong></span> <span class='ocrx_word' id='word_1_470' title='bbox 1038 3656 1076 3700; x_wconf 82' lang='lat' dir='ltr'><strong>eet</strong></span> <span class='ocrx_word' id='word_1_471' title='bbox 1093 3655 1197 3714; x_wconf 73' lang='lat' dir='ltr'><strong>verius,</strong></span> 
     </span>
     <span class='ocr_line' id='line_1_50' title="bbox 108 3713 1198 3784; baseline 0.007 -22"><span class='ocrx_word' id='word_1_472' title='bbox 108 3715 206 3774; x_wconf 80' lang='lat' dir='ltr'><strong>iustitia</strong></span> <span class='ocrx_word' id='word_1_473' title='bbox 225 3713 307 3774; x_wconf 71' lang='lat' dir='ltr'><strong>grata,</strong></span> <span class='ocrx_word' id='word_1_474' title='bbox 325 3726 440 3762; x_wconf 85' lang='lat' dir='ltr'><strong>mensura</strong></span> <span class='ocrx_word' id='word_1_475' title='bbox 458 3716 582 3776; x_wconf 71' lang='lat' dir='ltr'><strong>aequitatis</strong></span> <span class='ocrx_word' id='word_1_476' title='bbox 600 3718 641 3776; x_wconf 83' lang='lat' dir='ltr'><strong>ju·</strong></span> <span class='ocrx_word' id='word_1_477' title='bbox 666 3720 765 3767; x_wconf 80' lang='lat' dir='ltr'><strong>rirerrliri</strong></span> <span class='ocrx_word' id='word_1_478' title='bbox 785 3721 911 3767; x_wconf 85' lang='lat' dir='ltr'><strong>neuriuem</strong></span> <span class='ocrx_word' id='word_1_479' title='bbox 927 3721 1029 3780; x_wconf 88' lang='lat' dir='ltr'><strong>putant,</strong></span> <span class='ocrx_word' id='word_1_480' title='bbox 1041 3721 1129 3770; x_wconf 87' lang='lat' dir='ltr'><strong>tallere</strong></span> <span class='ocrx_word' id='word_1_481' title='bbox 1139 3724 1198 3784; x_wconf 83' lang='lat' dir='ltr'><strong>quid</strong></span> 
     </span>
     <span class='ocr_line' id='line_1_51' title="bbox 110 3781 1197 3852; baseline 0.008 -22"><span class='ocrx_word' id='word_1_482' title='bbox 110 3783 199 3831; x_wconf 86' lang='lat' dir='ltr'><strong>cunda.</strong></span> <span class='ocrx_word' id='word_1_483' title='bbox 210 3781 274 3841; x_wconf 82' lang='lat' dir='ltr'><strong>Quid</strong></span> <span class='ocrx_word' id='word_1_484' title='bbox 291 3782 374 3831; x_wconf 87' lang='lat' dir='ltr'><strong>autern</strong></span> <span class='ocrx_word' id='word_1_485' title='bbox 385 3783 471 3844; x_wconf 89' lang='lat' dir='ltr'><strong>loquar</strong></span> <span class='ocrx_word' id='word_1_486' title='bbox 484 3786 515 3832; x_wconf 89' lang='lat' dir='ltr'><strong>do</strong></span> <span class='ocrx_word' id='word_1_487' title='bbox 531 3788 641 3833; x_wconf 88' lang='lat' dir='ltr'><strong>contrac-</strong></span> <span class='ocrx_word' id='word_1_488' title='bbox 665 3790 698 3837; x_wconf 86' lang='lat' dir='ltr'><strong>sit</strong></span> <span class='ocrx_word' id='word_1_489' title='bbox 718 3790 830 3850; x_wconf 76' lang='lat' dir='ltr'><strong>ignorant</strong></span> <span class='ocrx_word' id='word_1_490' title='bbox 852 3804 858 3835; x_wconf 75' lang='grc' dir='ltr'><strong>ι</strong></span> <span class='ocrx_word' id='word_1_491' title='bbox 879 3789 986 3837; x_wconf 86' lang='lat' dir='ltr'><strong>libenter</strong></span> <span class='ocrx_word' id='word_1_492' title='bbox 1008 3782 1114 3839; x_wconf 83' lang='lat' dir='ltr'><strong>credunt</strong></span> <span class='ocrx_word' id='word_1_493' title='bbox 1134 3791 1197 3852; x_wconf 89' lang='lat' dir='ltr'><strong>quod</strong></span> 
     </span>
     <span class='ocr_line' id='line_1_52' title="bbox 110 3851 1198 3917; baseline 0.007 -18"><span class='ocrx_word' id='word_1_494' title='bbox 110 3852 177 3899; x_wconf 85' lang='lat' dir='ltr'><strong>tibus</strong></span> <span class='ocrx_word' id='word_1_495' title='bbox 186 3851 291 3912; x_wconf 78' lang='lat' dir='ltr'><strong>caeteals,</strong></span> <span class='ocrx_word' id='word_1_496' title='bbox 302 3863 329 3898; x_wconf 84' lang='lat' dir='ltr'><strong>ae</strong></span> <span class='ocrx_word' id='word_1_497' title='bbox 338 3852 446 3899; x_wconf 79' lang='lat' dir='ltr'><strong>marimo</strong></span> <span class='ocrx_word' id='word_1_498' title='bbox 458 3853 489 3901; x_wconf 92' lang='lat' dir='ltr'><strong>de</strong></span> <span class='ocrx_word' id='word_1_499' title='bbox 501 3855 640 3904; x_wconf 87' lang='lat' dir='ltr'><strong>coemtione</strong></span> <span class='ocrx_word' id='word_1_500' title='bbox 666 3858 713 3916; x_wconf 86' lang='lat' dir='ltr'><strong>ipsi</strong></span> <span class='ocrx_word' id='word_1_501' title='bbox 720 3860 838 3916; x_wconf 85' lang='lat' dir='ltr'><strong>suut‚nec</strong></span> <span class='ocrx_word' id='word_1_502' title='bbox 845 3859 1099 3917; x_wconf 73' lang='lat' dir='ltr'><strong>peeunrsuspeemm</strong></span> <span class='ocrx_word' id='word_1_503' title='bbox 1107 3859 1198 3907; x_wconf 84' lang='lat' dir='ltr'><strong>babere</strong></span> 
     </span>
     <span class='ocr_line' id='line_1_53' title="bbox 110 3922 1203 3987; baseline 0.006 -19"><span class='ocrx_word' id='word_1_504' title='bbox 110 3922 273 3985; x_wconf 73' lang='lat' dir='ltr'><strong>prediorum,</strong></span> <span class='ocrx_word' id='word_1_505' title='bbox 284 3922 325 3972; x_wconf 89' lang='lat' dir='ltr'><strong>rol</strong></span> <span class='ocrx_word' id='word_1_506' title='bbox 340 3922 555 3984; x_wconf 79' lang='lat' dir='ltr'><strong>transactionibus,</strong></span> <span class='ocrx_word' id='word_1_507' title='bbox 565 3926 639 3986; x_wconf 83' lang='lat' dir='ltr'><strong>nique</strong></span> <span class='ocrx_word' id='word_1_508' title='bbox 665 3926 731 3987; x_wconf 88' lang='lat' dir='ltr'><strong>quod</strong></span> <span class='ocrx_word' id='word_1_509' title='bbox 747 3939 795 3973; x_wconf 93' lang='lat' dir='ltr'><strong>non</strong></span> <span class='ocrx_word' id='word_1_510' title='bbox 817 3930 883 3974; x_wconf 86' lang='lat' dir='ltr'><strong>suut.</strong></span> <span class='ocrx_word' id='word_1_511' title='bbox 894 3925 956 3974; x_wconf 89' lang='lat' dir='ltr'><strong>lliuc</strong></span> <span class='ocrx_word' id='word_1_512' title='bbox 967 3925 1081 3975; x_wconf 65' lang='lat' dir='ltr'><strong>&amp;lemen</strong></span> <span class='ocrx_word' id='word_1_513' title='bbox 1093 3928 1128 3976; x_wconf 79' lang='lat' dir='ltr'><strong>eit</strong></span> <span class='ocrx_word' id='word_1_514' title='bbox 1139 3940 1147 3974; x_wconf 83' lang='lat'><em>=</em></span> <span class='ocrx_word' id='word_1_515' title='bbox 1159 3930 1203 3975; x_wconf 67' lang='lat' dir='ltr'><strong>le-</strong></span> 
     </span>
    </p>
   </div>
   <div class='ocr_carea' id='block_1_8' title="bbox 0 0 1320 4784">
    <p class='ocr_par' dir='ltr' id='par_1_8' title="bbox 0 0 1320 4784">
     <span class='ocr_line' id='line_1_54' title="bbox 0 0 1320 4784; baseline 0 0"><span class='ocrx_word' id='word_1_516' title='bbox 0 0 1320 4784; x_wconf 95' lang='lat' dir='ltr'><strong> </strong></span> 
     </span>
    </p>
   </div>
  </div>
 </body>
</html>
