2632 4784
121 332 169 386 850
500 334 634 382 sineri
656 334 832 383 nunnostl

121 433 182 470 num
199 419 274 467 tuone
289 424 377 466 eonon
392 414 456 464 melo
464 415 587 477 pelonis
596 429 648 464 ser-
673 415 739 478 quod
756 414 871 464 euertere
885 413 968 476 posset
977 411 1032 462 nel
1041 412 1195 461 voluntatem
1206 424 1216 458 ε

121 489 244 538 monibus.
266 487 401 546 ligonum,
418 482 464 545 ont
483 484 579 546 loquer,
598 497 649 533 non
675 485 728 545 ipso
739 486 823 533 summ
832 496 878 545 per
896 495 1027 533 excom
1039 482 1136 531 mentis
1148 482 1215 531 sllud

120 559 167 618 tu,
186 556 230 618 qul
250 566 354 614 esque
378 552 485 602 sudlerls
502 555 647 614 resultabis,
673 552 840 614 cupiebat,st
848 551 918 600 sllud
927 552 1092 613 loquebatur.

122 626 150 674 et
164 637 218 685 quse
233 634 283 672 nou
293 621 426 682 intelllges.
447 622 515 670 ilibil
535 623 648 684 proficies
704 622 741 670 ts.
753 623 830 684 Quom
839 624 955 683 mdccc,
968 621 1070 682 lnquit,
1079 621 1213 670 bubitcnlo

121 693 218 752 eundo;
233 692 292 752 quis
306 691 360 740 sine
378 690 494 739 mercede
510 691 647 749 remeabis,
673 690 917 751 luo‚olicbrrsorum
929 690 1035 738 militiai
1046 691 1211 739 Tebenocslo

119 761 247 822 pecunie,
265 762 291 809 et
301 758 354 807 sino
364 758 476 818 proiectu
486 758 580 819 mne.
599 760 648 805 ilo·
673 759 1210 821 luctummobnnbmtimicetps·

118 829 196 890 nique
213 840 243 876 en
265 828 344 890 prims
360 839 409 875 vox
430 827 484 886 eius
504 827 542 875 est
560 840 568 875 r
588 829 648 889 Quid
671 831 842 890 rodium
850 830 966 888 nmium,
977 829 1074 877 ctoicut
1085 830 1210 877 oedmm

118 899 275 955 medionon,
300 897 339 944 cui
357 909 405 944 non
429 896 545 945 molediclt
564 899 648 945 Domi·
671 896 1210 959 cunumsxietbomoexrsconffrob-

118 966 181 1015 mol
198 966 228 1014 ut
240 964 381 1014 ostenderat
393 976 442 1012 nou
459 964 486 1012 in
499 977 543 1012 sus
561 966 647 1014 voluu-
671 964 762 1015 tinebit
782 966 872 1015 multus
891 967 1001 1026 geum,
1024 966 1053 1012 et
1078 966 1208 1015 sdtnllctur

118 1032 646 1094 toteeuebenedictionemiiebrmlpopull,
671 1033 975 1094 repnumeiusinsltume
987 1033 1205 1096 interrisquoque

117 1101 162 1153 sed
172 1102 200 1150 in
210 1101 354 1162 tisicratis.
672 1102 791 1151 exundet
801 1103 967 1169 principatum
982 1114 1059 1151 suurn
1075 1104 1104 1151 in
1121 1104 1207 1165 Eup

148 1170 173 1220 9.
192 1174 214 1219 Α
229 1173 339 1229 cummis,
353 1169 450 1231 inquit,
464 1168 581 1221 montibus
591 1182 647 1218 con-
672 1169 735 1219 tum.
747 1173 795 1233 Qui
804 1171 934 1221 mediant
944 1185 1015 1230 eun,
1027 1171 1206 1221 bacdioenbsr:

117 1241 214 1303 mium
223 1253 290 1301 οπως
301 1240 417 1301 quonism
431 1251 480 1287 non
489 1239 568 1288 oculis
582 1252 648 1288 com-
670 1242 693 1287 ct
709 1245 751 1301 pul
767 1241 932 1289 maledixerint
947 1243 986 1299 ci,
999 1243 1121 1291 ndcdicli
1129 1246 1204 1291 nunt.

117 1309 275 1369 prehendere
284 1321 380 1368 possum
390 1309 454 1356 bunc
463 1309 645 1369 populum‚qul
670 1307 748 1366 Quem
757 1308 832 1370 ipltcrr
839 1309 888 1357 uisi
898 1309 991 1357 Christi
1002 1311 1125 1370 populum
1132 1311 1206 1371 signi-

117 1378 241 1428 bnbltsblt
251 1379 329 1438 solim,
339 1378 402 1425 dues
412 1390 469 1426 suos
478 1390 526 1426 non
537 1379 646 1425 locorum
671 1375 742 1425 llcstl
761 1378 831 1445 llum
842 1376 972 1426 benedicit
991 1378 1075 1437 Dens,
1094 1378 1121 1425 lu
1139 1380 1206 1438 cujus

118 1447 270 1506 possessione
284 1445 476 1504 disterminans,
488 1444 533 1493 sed
545 1445 646 1494 virtutis
670 1445 791 1494 medullas
803 1446 918 1494 Verbum·
926 1447 975 1495 Dei
987 1446 1120 1495 descendit
1130 1461 1205 1508 usque

118 1513 240 1573 incolatu,
259 1513 285 1561 et
301 1525 397 1561 morum
412 1513 572 1572 circularium
590 1526 646 1574 pro-
670 1511 701 1560 ud
715 1513 861 1562 divisionem
876 1515 1098 1574 snimmnrtuum
1108 1529 1205 1576 quoqne

116 1582 221 1642 prietste
239 1582 266 1629 in
283 1582 375 1629 eterno
390 1580 532 1629 diffundens
547 1581 644 1629 secute
671 1581 697 1629 et
713 1582 876 1630 medmllsrum
887 1596 894 1630 ε
907 1583 934 1630 in
953 1595 1003 1643 quo
1019 1583 1150 1632 habuisset
1163 1587 1205 1632 its·

116 1650 177 1710 Quis
187 1649 254 1698 enim
264 1648 467 1697 annumerabitur
477 1648 501 1696 ei
517 1647 548 1696 de
564 1650 645 1697 nullo·
671 1648 734 1697 lenm
744 1650 962 1712 pretiomtlomiui,
974 1652 995 1698 si
1006 1652 1075 1701 ldex
1084 1654 1204 1702 sentenia

116 1720 190 1769 nibus
198 1720 267 1778 eliis,
278 1718 322 1779 qui
331 1718 492 1767 finitimorum
498 1718 645 1779 populorum
670 1720 696 1765 el
713 1719 815 1767 allectus
831 1720 869 1767 sui
886 1721 1012 1780 proposito
1032 1719 1143 1771 lecisset.
1157 1722 1204 1770 Sed

116 1788 216 1838 excedit
226 1787 347 1837 consortis
361 1785 464 1845 institia
478 1784 647 1843 sublimitate}
669 1786 1204 1849 quierevlneiturmnlameuscoooiliisouis,

115 1858 176 1917 Quis
193 1856 392 1905 constitutionem
410 1854 575 1915 generationis
592 1856 646 1914 ejus
670 1858 696 1903 et
707 1856 1036 1916 occultsnnimiproduntur
1049 1859 1138 1920 exitu3
1150 1860 1204 1906 idco

116 1925 230 1988 colligetl
239 1927 342 1986 Corpore
349 1923 450 1984 quidem
461 1936 547 1971 eorum
559 1923 645 1971 lmmu·
669 1923 829 1983 sequentibus
846 1923 942 1972 insidiis
958 1924 1061 1975 nnlmrrs
1076 1927 1134 1987 eius
1148 1940 1203 1989 spe·

116 1996 155 2045 nis
165 1995 300 2045 seminibus
316 1995 429 2043 concretu
445 1993 472 2040 et
485 1992 586 2053 llssumts
603 1993 644 2040 sd·
669 1992 742 2039 ritur.

116 2064 250 2121 vertimus,
267 2062 311 2111 sed
321 2061 351 2109 do
366 2061 550 2121 superioribus,
561 2062 587 2109 et
597 2062 645 2108 ml·
699 2060 738 2107 l3.
757 2060 826 2110 Unde
846 2066 871 2111 et
885 2063 986 2123 dianam
1001 2065 1147 2115 mercedem
1157 2079 1203 2115 cue

117 2133 237 2180 mbilibus
247 2129 385 2179 seminurils
395 2129 483 2178 nulmae
493 2142 579 2180 eorum
588 2130 645 2191 pul·
668 2126 767 2177 invenit
775 2131 966 2181 malevolentiae.
980 2135 1044 2181 Nem
1052 2148 1112 2182 cum
1122 2136 1203 2184 sdver-

116 2201 232 2249 lulnruut.
669 2197 734 2246 teret
742 2199 808 2259 quod
819 2211 869 2249 uon
887 2202 972 2260 posset
982 2202 1010 2248 in
1020 2215 1204 2252 excessumeu-

147 2269 186 2316 l0.
206 2271 324 2319 Moriatur
344 2271 426 2319 animo
443 2283 498 2318 meo
514 2270 540 2317 ln
559 2269 644 2317 orionis
669 2267 702 2315 tis
716 2268 811 2327 positus
830 2269 997 2330 maledicere,
1016 2271 1061 2319 dat
1076 2273 1202 2320 consilium

115 2351 209 2397 cmm,
226 2340 345 2387 moriatur
361 2339 424 2388 bunc
441 2338 592 2399 corporalem
607 2339 644 2387 ui·
668 2338 736 2397 regi,
747 2337 832 2386 dicens
844 2351 850 2385 :
864 2340 910 2386 lllu
929 2340 980 2388 sint
998 2344 1103 2390 oracula
1121 2344 1200 2390 borrnr

115 2410 181 2466 tem,
191 2408 219 2456 ut
229 2407 256 2455 ln
266 2407 356 2455 culmis
364 2407 485 2465 justorum
495 2407 562 2456 illius
570 2409 641 2456 mter·
667 2419 722 2465 quse
736 2408 802 2455 Deus
817 2408 950 2468 precepit,
967 2410 1056 2471 accipe
1075 2412 1201 2460 consilium

114 2488 153 2523 nae
171 2477 228 2524 vitm
246 2477 396 2536 adipiscetur
414 2476 526 2536 probam.
545 2477 573 2524 lu
595 2489 644 2537 qun
668 2475 896 2526 adversusorneula
907 2478 964 2526 Dei.
976 2479 1088 2539 Populus
1099 2481 1201 2539 isicius-

114 2545 163 2600 jnm
175 2546 232 2593 tuuc
242 2545 388 2593 sacramenti
401 2545 476 2603 hujus
486 2545 607 2607 coelestis,
618 2549 642 2593 el
668 2543 707 2590 tus
718 2546 769 2605 ost,
786 2546 863 2593 babet
877 2547 1063 2606 protectionem
1076 2550 1138 2610 Dei;
1148 2551 1200 2610 quin

115 2614 177 2662 sncri
190 2614 343 2674 bsptismatis
359 2615 468 2662 revolatu
485 2614 522 2661 est
533 2612 643 2672 mapnili·
668 2624 716 2661 non
726 2615 921 2663 divinationibus
936 2617 963 2664 et
974 2618 1087 2677 auguriis
1097 2631 1152 2666 sese
1161 2619 1199 2666 de·

115 2682 211 2742 centia,
222 2696 266 2743 per
276 2683 345 2740 euius
355 2683 521 2744 operationem
533 2682 643 2729 moriun-
667 2683 718 2742 dit,
729 2684 772 2731 sed
787 2683 832 2730 soli
851 2685 946 2732 {eterno
962 2685 1031 2745 Deo;
1043 2685 1101 2733 ideo
1111 2687 1200 2734 ceteris

114 2751 155 2798 tur
163 2752 360 2813 hominesculpae
368 2751 642 2811 veteri,etinlquorum
668 2752 1064 2813 iidepraestot.1nterdnm'tnmen
1080 2757 1109 2804 et
1120 2755 1199 2803 fideles

114 2820 243 2879 operibus3
255 2822 282 2866 ui
293 2820 403 2869 novitate
414 2821 471 2867 vilse
482 2821 639 2867 inconsonis
667 2822 764 2868 mentes
775 2821 882 2881 corporis
895 2822 1016 2869 labuntur
1029 2821 1166 2880 illecebra,
1177 2826 1200 2868 et

112 2887 232 2944 iustorum
245 2887 458 2945 transfiguratum
467 2899 552 2934 eorum
563 2900 642 2934 mores
667 2890 750 2939 lormm
776 2892 908 2939 lenocinio.
930 2892 993 2939 Sunt
1017 2892 1064 2938 libi
1087 2894 1199 2940 mulieres

114 2956 249 3014 reumont.
266 2955 296 3002 st
308 2954 369 3015 quid
382 2956 472 3003 mirum
487 2956 518 3003 do
534 2957 641 3005 bomini·
666 2958 798 3018 plurimos,
818 2959 845 3007 et
864 2960 989 3019 plereque
1007 2971 1057 3006 nou
1076 2960 1199 3008 indecores

114 3023 173 3081 bus,
187 3036 244 3071 cum
259 3023 396 3071 morientur
410 3026 527 3085 peceato,
545 3026 572 3073 ut
589 3028 641 3074 Deo
667 3029 835 3087 pulcritudine
847 3041 854 3074 z
864 3027 1038 3076 virilissutem
1048 3042 1126 3079 sexus
1135 3030 1198 3077 null.»

114 3092 214 3141 viventi
666 3099 742 3157 magis
758 3100 880 3157 lubricus,
895 3111 969 3158 quom
980 3100 1103 3148 muliebri
1113 3100 1198 3147 decore

145 3160 184 3211 ll.
203 3163 259 3212 limo
278 3162 382 3212 audiens
396 3164 483 3221 leee,
501 3162 642 3223 indignatus
666 3167 714 3213 cito
731 3168 843 3228 eapitur,
860 3168 1006 3214 etmsximo
1017 3167 1038 3214 si
1049 3167 1198 3215 urdormen·

113 3234 151 3279 est
158 3229 531 3280 dleeuszlldmsleclicondumle
539 3232 641 3290 adduxi,
666 3236 729 3282 lium
746 3237 860 3296 alloquiis
878 3235 1048 3283 inflammetur
1064 3235 1197 3297 trequenti·

113 3299 140 3346 et
154 3301 181 3348 tu
200 3301 334 3349 benedicis.
354 3301 491 3360 Respondit
508 3301 551 3348 ills
570 3314 577 3346 ε
596 3302 642 3348 Cn·
665 3303 724 3362 bus,
746 3304 773 3351 et
792 3304 862 3364 qunsi
885 3303 982 3350 lneibus
1004 3303 1158 3362 inardescst;
1178 3303 1197 3349 ei

113 3369 232 3418 lumniam
251 3370 330 3430 patior
348 3370 379 3417 de
397 3382 442 3429 oo,
463 3370 527 3429 quod
544 3373 640 3429 ueselo;
665 3384 735 3431 spem
744 3371 859 3433 potiundi
876 3372 989 3430 lruurint,
1000 3373 1117 3418 allectum
1129 3370 1197 3418 dille-

113 3451 157 3499 cpo
165 3440 232 3487 cuim
243 3439 306 3486 nibil
317 3451 401 3486 meum
411 3439 509 3498 loquor,
518 3439 560 3486 sed
571 3440 641 3499 quasi
665 3440 711 3487 rat.
721 3440 818 3487 loeisnl
828 3440 904 3499 igitur
912 3439 1032 3486 mulieres
1039 3441 1090 3486 tum
1098 3438 1195 3487 vocibus

112 3508 250 3568 cymbalum
269 3508 378 3556 tinniens
392 3520 478 3555 sonum
494 3509 579 3556 reddo.
592 3510 641 3555 lte·
664 3509 716 3557 suis
727 3510 826 3569 hamos,
837 3521 883 3556 nec
902 3506 1019 3556 difficiles
1032 3509 1127 3568 primos
1143 3519 1197 3554 cou-

112 3590 166 3625 rum
184 3579 233 3625 slio
250 3578 323 3639 atque
333 3579 382 3626 ello
397 3579 566 3636 transductus,
585 3591 639 3626 cunr
665 3590 764 3637 grossus
775 3590 832 3626 suos
847 3577 990 3637 prebeant,
1001 3577 1046 3624 sed
1056 3578 1084 3624 cl
1094 3577 1147 3624 uisu
1162 3575 1196 3622 is·

112 3646 188 3694 vellet
209 3647 374 3706 maledicere,
393 3648 574 3695 benedicebat:
587 3650 640 3696 Non
664 3646 742 3706 cites,
755 3646 781 3693 et
791 3646 860 3693 dictu
877 3645 988 3692 nltsbiles
1004 3645 1197 3701 circumerrent,

112 3713 250 3763 eolloborin
260 3713 347 3772 Jacob,
358 3727 431 3775 neque
438 3717 513 3763 dolor.
522 3716 640 3765 Dominus
664 3717 691 3762 el
702 3717 753 3764 toto
762 3727 789 3764 so
800 3713 1004 3763 circumfundant
1015 3714 1198 3773 exercitui32t·

113 3782 182 3828 illum
200 3781 314 3843 protegit.
337 3782 366 3827 Et
384 3781 449 3829 inira
468 3782 539 3841 J'ubet
559 3784 641 3841 parari
663 3796 712 3843 que
728 3785 772 3831 bos
789 3785 842 3831 erte
857 3783 963 3830 treclm
975 3783 1058 3841 viros,
1069 3785 1198 3831 utconcu·

112 3861 165 3896 ares
176 3853 270 3911 septem
281 3850 306 3897 et
314 3850 442 3898 sacrificis.
455 3850 543 3911 Utique
554 3850 639 3898 debuit
664 3852 717 3899 bitu
732 3865 780 3899 nou
793 3851 948 3911 indulgeant,
958 3851 1007 3898 uisi
1019 3853 1112 3899 amoris
1119 3852 1199 3900 mutui

111 3918 250 3978 ‹liscedere,
268 3918 310 3967 sod
327 3931 371 3977 per
387 3919 553 3966 infirmitatem
570 3932 639 3967 men·
664 3920 737 3967 tidem
747 3920 870 3968 consortio
885 3919 1010 3980 sacrilegii
1022 3921 1199 3980 comprobare

111 3984 156 4043 tis,
165 3988 190 4032 ot
199 3986 388 4036 mutabilitatem
399 3987 527 4035 sententie
536 3989 638 4047 putabat
664 3989 722 4036 rint.
734 3989 773 4037 Sic
785 3987 851 4037 enim
862 3989 977 4048 poterunt
987 3989 1087 4039 scelesti
1103 3993 1199 4050 protec-
