2632 4784
110 349 161 399 tw
489 346 615 397 sineri
633 344 806 393 tubnostl

111 435 165 482 tum
175 430 295 493 credidit,
310 429 434 480 imciuma
445 428 507 481 lacta
517 431 567 489 cst;
579 427 638 489 quia
665 427 730 476 leem
739 429 789 486 est,
797 424 861 475 deut
869 419 1197 481 lliernselemdicltur,qmr

113 501 339 551 benedictireutris
350 499 456 548 iructuru
464 499 567 558 recepit
576 499 641 544 lion
665 507 752 554 prcern
767 498 793 543 ct
807 491 1014 553 tanquillitatem
1027 490 1107 539 hebet
1122 500 1196 549 snpe-

113 571 156 617 tur
172 572 210 619 est
226 582 284 630 erqo
299 570 392 618 hachet
407 567 561 628 parturiens,
582 565 641 625 quia
666 562 739 609 rioris
756 561 924 620 Hierusalem,
946 571 1001 621 que
1019 558 1047 606 ln
1065 557 1132 607 ooelo
1150 557 1196 604 est.

113 637 164 696 iem
175 639 234 686 tunc
250 638 321 699 quasi
336 635 482 697 patriarche
499 646 563 682 uxor
573 633 642 681 iuro·
666 630 746 680 Verus
752 630 823 693 punis
834 631 885 691 est,
895 629 940 690 qui
952 627 1047 678 stactus
1058 626 1085 675 et
1095 623 1198 675 eoml-

114 718 168 755 reru
183 706 287 755 ilerodis
302 706 415 765 ridebat,
430 704 475 765 qui
490 715 537 751 nec
547 702 643 750 minus·
664 699 741 748 nutus
747 698 994 748 satiaritunirersoe.

114 773 177 823 culn
197 774 263 823 retati
286 774 406 835 pepercit.
432 772 512 819 Simul
534 771 593 831 quta
614 770 642 818 ia
695 762 1198 828 lb.Qulutaautemtraditlohshet,l)o-

115 841 220 901 Ephrata
232 841 330 902 peperit
340 839 469 899 Beniamin
477 840 561 900 specle
569 849 642 896 supe·
665 847 722 884 mus
731 836 812 896 panis.
823 835 882 885 Beth
892 834 962 882 enim
972 833 1062 881 demus
1077 835 1132 892 est,
1143 830 1197 879 lecu

115 908 206 958 riorem
213 943 221 970 ‚
229 909 346 970 mysterio
354 910 530 970 posteriorem,
540 907 642 955 Paulum
666 904 848 965 praedicitur.
859 904 898 953 Dc
907 904 1015 952 aliorum
1022 898 1197 949 traditionibus

115 976 230 1037 scillcet,
251 977 292 1037 qui
313 978 446 1037 nonquam
466 976 642 1035 generaretur,
666 968 1198 1035 propterpcrtidlanrludricem,uelpsisn

116 1056 167 1093 non
184 1046 299 1093 minimos
314 1045 409 1093 dolores
423 1045 496 1093 matri
514 1044 642 1103 prestitit,
667 1045 856 1104 redsrquerent,
871 1045 913 1092 ret
924 1043 955 1090 ab
966 1040 1030 1103 ipsis
1045 1039 1198 1102 molentun

118 1113 187 1171 cuius
194 1115 256 1162 Elios
265 1115 466 1175 persequebatur.
476 1116 506 1161 Et
515 1115 567 1161 illic
578 1125 644 1161 mor·
667 1116 782 1175 putamus
791 1115 832 1162 rei
843 1114 967 1162 subletum
977 1112 1012 1159 ah
1022 1110 1091 1159 eliis.

119 1182 159 1229 lua
167 1184 193 1229 el
200 1183 297 1242 sepulta
307 1184 358 1240 esl3
370 1185 397 1230 ut
407 1194 452 1231 nos
461 1182 606 1230 commortui
618 1184 644 1230 et
698 1184 738 1231 ln.
747 1183 785 1230 Ee
794 1182 858 1231 iude
868 1194 966 1244 qrroque
977 1180 1048 1229 trihu
1057 1190 1115 1227 esse
1124 1176 1200 1225 beth-

119 1252 255 1311 consepulti
266 1264 323 1300 cum
332 1252 428 1301 christo
436 1285 444 1313 ‚
451 1252 477 1299 lu
488 1250 595 1299 Ecclesia
606 1263 645 1298 re-
668 1253 733 1300 lecm
741 1252 812 1299 docel
820 1252 893 1300 lectio
900 1246 1199 1308 iniudicumlibro3quia

120 1332 252 1381 armamus.
271 1322 331 1369 lade
349 1322 415 1369 enim
431 1321 480 1369 elia
498 1322 645 1380 interprete·
669 1322 707 1370 vir
718 1321 762 1369 ille
772 1321 849 1369 levita
863 1321 959 1381 accepit
976 1319 1026 1367 sihi
1036 1316 1199 1365 concubium

119 1389 201 1451 bone,
209 1392 250 1438 set
260 1390 412 1450 foecundata,
424 1391 463 1438 vel
474 1390 570 1450 repleta
578 1389 645 1437 iruc·
669 1392 700 1439 de
710 1390 838 1439 Bethleem
852 1389 930 1449 iuda,
942 1389 968 1436 et
981 1387 1046 1435 irata
1057 1385 1098 1434 esi
1108 1384 1134 1433 ei
1142 1395 1200 1431 eon·

80 1477 83 1481 ·
119 1457 200 1517 tibus,
211 1460 315 1520 Epistula
324 1460 484 1518 significatur.
669 1459 760 1507 cubinu
769 1458 837 1516 ejus,
848 1460 875 1506 et
884 1457 961 1506 rediit
971 1457 999 1504 in
1010 1455 1115 1502 domum
1124 1452 1200 1514 petris

148 1527 186 1574 ll.
199 1528 244 1575 llic
255 1530 352 1587 tamen,
369 1528 394 1575 id
411 1532 462 1584 est,
475 1528 501 1574 lu
514 1527 577 1575 libro
588 1539 645 1588 pro·
669 1526 708 1576 sul
720 1528 745 1574 in
756 1528 883 1575 Bethleem
893 1526 964 1575 iuda.

120 1592 218 1654 pbctlco
229 1595 384 1654 invenimus,
400 1591 493 1650 lipaque
503 1595 533 1654 εἴ,
551 1597 577 1643 ld
593 1599 645 1656 est,
700 1597 739 1645 ld.
748 1598 863 1658 Eprcsm
873 1597 956 1657 itaque
965 1591 1200 1644 christusedlebus

121 1661 146 1711 in
160 1661 315 1721 paucioribus
325 1676 361 1712 es.
376 1665 404 1711 in
419 1664 532 1712 itattheo
543 1669 644 1714 aulem:
670 1667 767 1726 seculi3
778 1668 838 1715 tunc
851 1666 918 1715 enim
933 1664 1005 1713 uobis
1022 1663 1116 1723 incipit
1124 1674 1200 1710 secu·

119 1732 151 1781 Et
165 1736 191 1780 ts
204 1732 320 1781 Ectlslcens
334 1736 415 1783 domur
428 1735 504 1792 luda,
521 1748 569 1783 non
584 1750 608 1785 ee
621 1737 646 1782 in
670 1736 736 1796 ium,
750 1735 848 1796 quando
861 1734 916 1782 dies
932 1732 1037 1791 salutis,
1054 1733 1082 1780 et
1092 1740 1201 1791 egressus

117 1801 318 1860 pamioribus.lbi
327 1803 414 1850 doinus
422 1801 500 1862 luda,
511 1803 551 1850 hic
560 1803 646 1851 domus
671 1805 701 1853 ad
712 1804 859 1853 currertdam
868 1804 936 1851 riam
946 1802 1017 1851 dedit
1026 1800 1115 1849 israel.
1129 1801 1201 1859 Eque

119 1870 243 1930 Ephrata:
256 1871 282 1919 in
299 1884 348 1931 quo
363 1872 494 1919 verborum
505 1871 647 1931 discrepan-
670 1876 701 1922 ud
711 1877 800 1935 tenpus
812 1874 933 1934 portentu.
944 1869 990 1919 Cui
1001 1869 1107 1919 advenit
1121 1867 1201 1917 cbris-

119 1937 168 1998 tla,
180 1951 353 1988 uonsensuum
362 1939 646 1988 oshltametiutlaealn·
670 1941 834 2004 tus,adreuit
850 1940 1010 2000 ioecunditas,
1020 1937 1127 1987 advenit
1146 1946 1201 1997 pnr-

120 2006 197 2056 terior
204 2009 268 2057 vidit
275 2009 397 2066 iurarem,
408 2010 434 2056 et
444 2009 554 2056 exterior
561 2012 647 2069 pertu·
670 2015 725 2072 κως
735 2013 800 2061 sicut
808 2010 910 2061 advenit
919 2009 1053 2068 Ecclesiae,
1062 2020 1119 2069 qua
1128 2017 1201 2069 pepo·

122 2077 162 2125 nt.
178 2079 208 2126 Et
225 2079 250 2126 ln
260 2077 420 2139 paucioribus
435 2077 487 2136 est3
504 2078 562 2138 qula
574 2079 646 2138 pauci
670 2083 888 2144 ritplnres‚quam
896 2092 952 2140 qum
960 2079 1027 2127 lilios
1037 2077 1146 2125 habehat
1157 2088 1165 2120 r
1175 2074 1200 2123 et

119 2147 191 2207 sunt,
201 2148 244 2206 qul
260 2148 354 2195 intrem
369 2148 395 2194 in
409 2146 509 2194 domum
523 2148 593 2206 pente
602 2160 648 2208 por
670 2153 770 2214 peperit
776 2148 974 2212 septemanas,
984 2145 1200 2208 legitimnum·

120 2219 248 2276 sumniam
256 2218 331 2265 riam.
343 2219 372 2264 Et
382 2229 431 2265 nou
440 2219 478 2265 est
487 2217 513 2264 iu
524 2217 648 2277 pauciori·
671 2221 772 2283 quibos,
780 2219 902 2281 pacifices.
908 2218 998 2280 incipit
1006 2229 1066 2276 erqo
1074 2216 1200 2275 concipere

121 2284 188 2346 bus,
208 2286 233 2334 ld
251 2291 303 2345 cst,
325 2285 355 2334 de
374 2285 574 2348 proficientibus,
592 2301 647 2348 qum
671 2288 914 2349 anima,etlormari
925 2287 1132 2342 ineachristus,
1149 2295 1199 2344 que

119 2352 242 2402 Christum
250 2366 300 2402 nou
306 2355 415 2413 amovit.
423 2355 474 2402 ricc
485 2354 647 2415 minimaest,
671 2359 795 2418 receperit
812 2358 947 2405 adventum
964 2356 1036 2415 eius,
1053 2355 1080 2402 et
1095 2352 1199 2413 pascitur

120 2426 222 2483 quisset
230 2425 315 2472 domus
323 2423 514 2482 benedictionis,
525 2426 550 2471 et
557 2424 648 2474 divinas
673 2430 699 2477 iu
715 2426 812 2475 divitiis
827 2425 898 2486 eiusq
916 2426 946 2475 ut
959 2424 1026 2472 nihil
1043 2423 1068 2471 ei
1084 2421 1163 2482 desit,
1173 2420 1199 2466 ut

120 2491 205 2549 matre
213 2494 395 2553 receptaculum
405 2505 412 2538 r
422 2493 448 2539 et
459 2492 485 2539 ln
494 2503 523 2539 eo
532 2493 647 2553 minima,
673 2496 785 2547 ridentes
795 2494 871 2543 etiam
882 2507 938 2542 eam
948 2494 1004 2542 alia
1015 2491 1106 2541 mima
1117 2500 1199 2540 rerer-

120 2560 161 2608 cui
172 2561 192 2608 is
202 2563 244 2622 qui
253 2562 346 2621 aliquid
356 2561 450 2609 conteri
458 2562 567 2622 Christo,
580 2563 648 2610 vide·
672 2566 755 2613 tantur
765 2564 795 2611 ud
807 2563 872 2611 viam
883 2564 978 2611 salutis.

122 2630 162 2678 tur
173 2630 278 2678 deterre.
291 2633 319 2678 Et
329 2631 371 2689 qui
387 2632 483 2691 appetit
500 2632 647 2693 Ecclesiam,
703 2635 858 2681 ii.Eteritei
866 2647 931 2693 pac,
940 2631 984 2680 sed
994 2643 1044 2679 non
1055 2629 1138 2691 potest
1147 2639 1199 2688 pro·

120 2698 242 2747 Christum
264 2700 377 2760 appetit3
395 2701 421 2747 in
440 2700 527 2760 quovis
546 2701 648 2749 minimo
672 2703 724 2750 bari
737 2703 783 2749 nisi
797 2702 982 2749 tentationibus.
992 2701 1065 2748 'iunc
1076 2699 1146 2746 euim
1155 2708 1198 2757 pax

120 2768 189 2814 enim
198 2768 306 2816 Christus
315 2771 358 2816 aut
372 2768 481 2827 laeditur,
493 2769 536 2816 aut
547 2768 649 2817 honora·
673 2771 726 2827 ejus
742 2768 905 2818 estimabitur
915 2773 941 2817 ot
951 2768 1133 2830 tranquillitas3
1148 2776 1198 2812 cum

120 2837 176 2894 tur,
197 2837 331 2886 secundum
349 2837 414 2895 quod
436 2837 488 2895 lpse
507 2837 542 2884 ait
559 2850 566 2882 ε
583 2840 649 2898 Quod
673 2838 807 2886 excluserit
817 2850 892 2886 vanas
900 2839 1074 2898 cogitationes,
1089 2835 1129 2884 vel
1138 2846 1200 2882 com·

120 2906 184 2950 enim
204 2906 246 2950 runi
266 2905 351 2952 trorum
373 2905 525 2951 minimorum
545 2905 647 2964 fecisiti,
672 2907 872 2967 presserit,cum
880 2901 1200 2956 motusomuesednmuerit

120 2970 280 3028 mihilttitit't·
672 2978 811 3038 passionum
830 2977 1023 3038 insurgentium,
1042 2988 1101 3025 cum
1121 2975 1198 3022 iucre-

154 3038 192 3085 lii.
207 3039 286 3098 Ipsam
297 3039 378 3087 autem
390 3039 518 3088 Bethleem
529 3052 583 3090 esse
593 3054 647 3102 qum
673 3047 785 3095 brueriut
795 3046 928 3108 augustine,
938 3045 1080 3107 persecutio
1093 3078 1101 3104 ,
1114 3044 1197 3101 tames,

123 3107 161 3156 ost
176 3108 295 3169 Epicrate,
306 3109 378 3157 docet
392 3109 467 3157 lectio
477 3110 594 3169 Genesis,
605 3112 648 3158 ubi
673 3114 824 3175 periculum,
834 3114 938 3175 gladius.
949 3114 1019 3161 Tunc
1032 3117 1093 3170 erit,
1111 3110 1198 3171 inquit,

120 3176 174 3225 ait:
185 3180 323 3227 idoctunrst
333 3182 412 3227 orttenr
420 3179 550 3237 Μάσκα
560 3182 648 3241 sepulto
670 3196 735 3243 pnr,·
753 3182 811 3243 quia
826 3182 852 3231 in
870 3182 912 3230 bis
927 3183 1041 3230 omnibus
1058 3188 1199 3241 superamus

120 3250 154 3297 est
164 3251 189 3296 in
198 3252 238 3296 aia
247 3250 367 3311 Epirota,
378 3252 429 3310 ipsu
437 3253 471 3298 ert
482 3251 607 3298 Erilrleem.
619 3252 647 3298 in
673 3253 773 3312 propter
784 3264 840 3299 eum
848 3286 856 3311 ,
865 3253 909 3312 qui
919 3263 963 3299 uos
973 3249 1197 3311 dilexit,quoniam

122 3317 163 3364 via
176 3319 301 3378 sepultura
319 3320 356 3365 est
372 3320 461 3367 sancte
478 3320 584 3377 tlacbel,
595 3333 649 3380 ques
673 3320 815 3369 conssdimus
825 3321 851 3369 in
862 3322 959 3381 coquin
968 3332 1051 3380 neque
1064 3331 1146 3376 mers,
1158 3328 1198 3364 nc·

122 3387 195 3445 typus
209 3385 257 3434 tuit
267 3387 396 3446 Ecclesia,
408 3389 436 3435 ut
447 3390 602 3435 transcuntes
612 3389 649 3436 di·
672 3403 721 3450 que
732 3390 769 3438 vis
780 3391 944 3438 tentationum
959 3401 1003 3436 uos
1013 3390 1046 3436 ab
1056 3389 1113 3448 eius
1124 3385 1199 3435 divet-

122 3456 177 3501 cant
189 3468 197 3502 c
209 3458 340 3504 Bencmctio
351 3458 447 3503 Domini
458 3470 527 3516 super
537 3470 591 3518 con·
602 3458 647 3506 et:
673 3457 708 3506 tat
717 3459 818 3507 caritate
829 3460 855 3507 et
865 3460 971 3519 separet.
983 3459 1052 3506 'lunc
1066 3471 1126 3517 erqo
1135 3456 1199 3505 dubit

123 3525 245 3572 Venientes
250 3526 340 3572 uenient
351 3527 377 3571 in
387 3525 550 3574 exsultatione.
673 3529 833 3586 tentationes,
843 3531 872 3577 ut
879 3528 940 3586 iusti
950 3527 1091 3588 probentur
1113 3528 1142 3574 Et
1155 3527 1198 3571 tiri·

152 3593 190 3638 td.
203 3592 287 3640 Omnis
297 3592 380 3652 itaque
389 3593 484 3654 anime,
494 3607 549 3655 qum
560 3593 649 3655 recipit
673 3598 754 3646 minus
762 3598 861 3659 quidem
870 3598 912 3644 det
919 3594 1072 3644 tentationes
1078 3609 1109 3644 ea
1118 3597 1198 3643 rotun·

122 3671 210 3718 panem
227 3659 297 3706 illum
313 3660 503 3709 descendentem
521 3662 552 3711 dc
570 3664 649 3722 coeto,
674 3667 738 3723 tate,
757 3666 786 3713 ut
804 3667 929 3713 neminem
952 3664 1037 3728 decipi
1059 3666 1123 3714 velit
1139 3679 1146 3710 ε
1160 3664 1200 3711 sel

122 3728 283 3788 domuspanis
291 3729 342 3786 est,
354 3728 400 3777 hoc
408 3731 649 3791 est‚paniscbristi,
673 3735 732 3795 quia
744 3734 856 3795 plerique
868 3735 1001 3783 vincuntur
1020 3733 1114 3783 infirmi
1124 3735 1201 3782 tenta·

121 3808 177 3857 quer
188 3797 319 3844 habitantis
329 3796 355 3844 in
370 3810 397 3845 se
410 3800 480 3858 panis
491 3800 598 3848 coelestis
608 3800 651 3847 tir·
673 3802 798 3861 tionibus,
809 3803 851 3863 qui
862 3801 935 3849 torles
945 3803 1017 3862 suut,
1029 3803 1174 3864 probantur.

122 3867 244 3913 memento
257 3866 344 3923 alitur,
356 3869 383 3914 et
398 3867 470 3915 corde
482 3867 649 3917 confirmatur.
704 3871 743 3919 ¹8.
754 3871 822 3919 Tunc
833 3871 882 3918 illis
890 3875 933 3918 ent
941 3885 981 3921 ros
991 3887 1009 3919 u
1018 3874 1136 3933 Domino,
1148 3874 1204 3920 tunc

124 3935 193 3983 Unde
209 3937 233 3982 et
244 3937 332 3983 Paulus
344 3937 379 3985 ait
391 3946 397 3979 ε
409 3939 493 3987 ornnes
507 3938 574 3984 enim
589 3950 650 3988 anus
675 3939 793 4000 requies:
805 3941 863 3987 tuuc
883 3939 933 3988 erit
950 3946 1033 3988 aalma
1049 3943 1128 4001 justi,
1145 3942 1204 3988 sicut
1241 3998 1244 4003 Δ

125 4006 193 4065 ponis
203 4019 292 4055 erimus.
301 4005 385 4055 (liniris
395 4008 476 4057 arima
487 4006 566 4056 tidelis
575 4007 650 4057 lictis·
675 4009 767 4059 cnlnlns
778 4008 849 4058 lconis
863 4008 889 4057 in
901 4009 998 4059 anilibus
1008 4024 1130 4073 pecorum.
1139 4008 1208 4073 Quoi
