2632 4784
111 393 157 440 {bu
502 394 621 439 sineri
639 395 800 440 ARBROSH

111 475 266 536 principibus
287 473 427 523 christianis
448 474 570 536 pierique'
581 474 639 521 sunt
662 475 775 535 oppleret
784 473 909 525 aubeiitus
919 474 945 523 et
954 486 1000 524 ora
1011 474 1128 525 bdelium
1139 477 1201 527 cinis

111 545 182 605 tapsi.
663 556 696 590 ex
707 555 762 601 ara,
778 544 863 591 inritis
873 544 906 591 de
915 545 1064 606 ncriiepio,
1076 545 1157 595 tum
1167 559 1198 595 ex

141 614 165 660 5.
176 612 224 659 Sed
235 613 288 660 bac
299 611 318 660 si
327 611 378 670 jem
390 610 483 659 sublata
491 623 540 659 non
549 612 639 669 essent,
663 610 735 658 busto
747 623 754 655 ε
767 611 830 658 etin
842 623 871 658 ea
882 612 1120 663 caremtenam
1133 615 1198 664 dice·

113 680 245 729 auterenda
262 681 305 727 tuo
321 681 426 739 imperio
437 681 638 739 comprobarem:
663 680 718 738 ret,
735 680 779 726 ubi
796 680 873 738 jurati
890 681 922 728 ad
938 693 1010 729 aram
1025 680 1157 732 uncum
1173 686 1197 733 ia

112 751 137 796 nt
148 749 343 810 cumpertotnm
351 749 403 795 tere
411 743 496 795 orbem
505 761 519 794 a
528 747 640 808 pluribus
663 747 965 808 enuntiameoqeseotur
973 749 983 811 (
991 751 1126 811 propiare·
1133 753 1197 800 cuim

112 819 177 864 retro
185 816 336 876 principibus
344 815 450 862 inhibita
460 815 639 875 interdictaque
664 816 859 876 interpretantur
875 830 943 866 aram
961 820 1089 880 tamtam,
1102 824 1131 869 ut
1146 823 1197 880 eim

111 887 177 945 mut,
189 888 271 932 itomae
288 885 370 931 autem
382 896 396 930 a
417 884 491 930 tratre
503 882 640 932 ciementiae
663 887 823 944 sacramento,
833 886 1195 950 urspspsuneasmqmqm

111 956 160 1003 tue
178 958 286 1011 augustia
307 953 432 1000 memoria
448 953 565 1000 Gntiano
583 951 639 998 iidei
664 954 800 1000 eonsentus
810 955 952 1002 consuleret
963 956 992 1003 iu
1003 956 1196 1015 meditamenta

112 1037 176 1072 veras
187 1023 281 1071 ratione
293 1022 388 1070 subiata
398 1021 461 1080 sint,
472 1022 498 1068 et
505 1021 568 1069 datis
575 1021 641 1068 anti·
664 1021 756 1080 majore
762 1021 1091 1079 jamcuriectaaistianorum
1098 1036 1197 1074 numero

111 1094 184 1152 quata
197 1091 335 1151 rescriptis3
347 1103 393 1149 ue,
401 1103 497 1151 queso,
508 1091 549 1137 ret
561 1090 641 1137 tideli-
664 1089 696 1135 sit
706 1088 817 1150 reterta)
830 1092 1033 1150 persecutionem
1049 1104 1104 1140 esso
1115 1094 1197 1141 crede·

112 1165 149 1209 ier
159 1162 250 1209 statuta
259 1161 399 1219 conretias,
409 1160 450 1206 rel
459 1159 567 1205 iraterna
579 1171 641 1218 prm·
664 1157 703 1204 ret
712 1157 873 1216 christianus,
887 1159 932 1218 qui
949 1163 1084 1219 superetur
1099 1161 1144 1208 tait
1157 1174 1197 1223 op·

112 1234 183 1291 cepta
194 1230 328 1278 rescindas.
346 1231 381 1275 De
393 1229 499 1287 nepotiis
508 1227 640 1286 civilibus,
665 1226 731 1272 tione
743 1226 773 1273 ad
785 1229 897 1274 senatum
907 1227 996 1276 venire
1006 1241 1015 1274 e
1024 1229 1091 1289 quod
1104 1229 1134 1278 tt
1146 1231 1196 1291 pte·

112 1300 202 1360 siquid
216 1299 315 1356 statuit,
327 1310 399 1345 nemo
410 1298 548 1364 putatesse
559 1299 641 1344 teme-
665 1305 781 1354 rumque3
792 1306 848 1340 nam
859 1296 886 1341 et
896 1295 997 1353 iniuriis
1013 1298 1196 1346 coureaireeo·

112 1370 232 1429 randum3
252 1369 279 1416 et
298 1368 448 1427 praeceptum
470 1365 502 1414 de
520 1365 640 1424 reiigione
665 1365 763 1419 guntur.
774 1362 808 1408 'ie
823 1374 882 1423 erpo
892 1363 1062 1424 imperatore,
1073 1366 1196 1415 christini

113 1439 229 1484 calcatur.
666 1429 692 1476 tu
703 1442 768 1476 anm
777 1431 861 1488 jurare
872 1433 1010 1492 cogentur!
1024 1435 1093 1492 Quid
1109 1437 1146 1483 est
1158 1437 1196 1494 iu·

143 1505 166 1552 6.
178 1506 263 1551 Nutius
272 1505 375 1564 obrepat
383 1503 475 1562 iuniori
491 1501 557 1550 astuti
568 1502 618 1550 tuce
632 1514 639 1547 s
666 1511 734 1557 rare,
745 1501 792 1546 nisi
803 1500 856 1558 ejus
870 1514 946 1562 quem
963 1504 1065 1551 testaris
1081 1504 1139 1551 tidci
1151 1506 1196 1552 tue

114 1575 166 1621 sire
176 1574 219 1619 iiie
230 1573 329 1632 gentitis
340 1574 391 1632 est,
402 1573 444 1631 qui
459 1573 505 1619 ista
518 1570 640 1630 deposcit,
666 1567 803 1626 presulem,
811 1568 1069 1639 divinampotentiam
1075 1572 1196 1620 munierit

113 1654 162 1692 uon
173 1642 247 1688 debet
262 1643 370 1688 mentem
385 1644 453 1687 tuam
470 1640 577 1686 rincutis
592 1651 642 1685 suae
665 1635 699 1682 ‘i'e
711 1636 874 1696 imperatore,
884 1639 930 1685 boe
942 1641 1043 1699 petitur
1057 1643 1084 1689 et
1094 1643 1195 1701 postuta-

113 1712 294 1771 superstitionis
311 1711 437 1756 innectere
454 1721 460 1753 ε
478 1708 521 1755 sed
542 1708 641 1767 proprio
667 1705 721 1762 tur3
736 1706 765 1751 ut
779 1717 845 1752 aram
858 1707 948 1763 jubeas
962 1710 1078 1770 eierari,
1093 1714 1194 1758 summ·

114 1779 195 1828 studio
214 1779 301 1825 dooere
319 1779 345 1824 et
362 1776 494 1823 admonere
510 1776 535 1822 to
551 1774 641 1831 debet,
666 1774 789 1823 mcetbciis
804 1774 914 1834 protasis
929 1778 1001 1825 darii

114 1847 318 1909 quemadmodum
334 1858 398 1892 veras
414 1844 472 1891 fidei
488 1843 586 1890 studere
598 1842 641 1890 de·
697 1844 735 1890 tt).
744 1842 791 1890 Sed
803 1844 849 1891 boe
858 1857 906 1892 noa
914 1847 1000 1905 potest
1007 1847 1064 1895 sine
1072 1847 1195 1909 sacriiqb
1224 1908 1226 1912 .

115 1918 187 1974 iseas3
198 1916 294 1975 quando
305 1915 348 1961 iiie
360 1915 426 1960 tanto
436 1909 568 1959 motu'veri
578 1921 642 1956 vana
667 1911 781 1972 decerni;
792 1913 858 1961 unde
869 1926 926 1974 rogo
941 1917 967 1962 te
982 1928 1017 1965 ne
1027 1917 1054 1964 id
1065 1917 1194 1975 decernas,

115 1985 235 2032 «tetendit.
246 1982 410 2030 Deterendum
418 1980 515 2027 meritis
522 1980 642 2026 clarorum
667 1984 771 2041 statuas,
787 1984 828 2030 ret
844 1984 869 2028 in
887 1984 1011 2042 eiusmodi
1027 1985 1131 2033 decreta
1145 1984 1195 2032 sub·

116 2057 224 2102 suorum
235 2055 261 2101 et
272 2065 316 2112 eqo
327 2050 417 2100 suadeo
429 2064 435 2097 :
447 2049 490 2098 sed
501 2051 643 2096 Deumcer-
667 2054 766 2102 scribas.
784 2053 909 2103 musonio
926 2054 1004 2100 iidem
1022 2055 1094 2101 tuam
1111 2052 1194 2102 christi

115 2124 169 2170 turn
180 2119 539 2180 estomntbusprmierendum.
667 2122 778 2170 sacerdos
800 2135 807 2169 ε
831 2134 916 2170 omnes
936 2123 1131 2171 conveniremus
1148 2123 1195 2183 cpi·

146 2194 170 2239 7.
180 2193 205 2239 si
217 2192 247 2238 do
258 2204 284 2238 re
295 2189 396 2238 militari
407 2189 445 2236 est
455 2186 642 2243 consulendum,
668 2190 748 2249 scopi,
763 2190 809 2236 nisi
821 2190 969 2237 incredibile
985 2191 1033 2238 boc
1049 2195 1076 2240 et
1089 2192 1192 2252 cepeoii

116 2259 190 2307 debet
202 2259 329 2306 exercitati
341 2259 366 2303 in
377 2257 470 2316 pretiis
480 2255 528 2302 viri
540 2267 644 2312 exspec-
669 2269 727 2304 num
745 2258 776 2304 ad
790 2269 862 2304 aures
883 2260 1037 2316 pervenisset
1056 2261 1194 2319 bominum,

116 2328 162 2375 tari
173 2329 309 2385 sententia,
324 2325 452 2373 consitium
471 2322 621 2382 consprobari
635 2335 641 2368 ι
668 2326 732 2383 quod
744 2326 791 2372 taio
807 2325 900 2386 aliquid
916 2328 982 2374 esset
992 2329 1034 2375 rei
1046 2329 1075 2376 in
1086 2331 1194 2376 confimo

115 2398 212 2458 quando
221 2396 251 2443 de
258 2396 376 2455 reiigione
385 2394 502 2441 macutus
510 2392 556 2449 est,
566 2393 643 2438 Deum
669 2395 849 2454 riosquestum
856 2398 907 2452 tuo,
915 2396 977 2442 reta
987 2399 1078 2445 senata
1086 2398 1193 2459 petitum.

117 2467 205 2525 sopita
224 2466 332 2511 Nunnius
342 2473 449 2509 snsunsn
463 2461 644 2519 est,cui1)eus
669 2463 715 2511 Sed
724 2463 786 2510 absit
793 2465 821 2510 ut
829 2463 876 2510 boc
883 2464 984 2511 senatus
990 2466 1193 2523 petissedicaturr

116 2533 272 2592 omnipotens
285 2530 428 2578 anteierint.
440 2528 519 2575 Habet
534 2528 576 2573 iiie
587 2538 644 2572 sen·
669 2532 740 2590 pauci
761 2532 864 2589 gentiles
884 2534 1009 2580 communi
1032 2535 1141 2582 utuntur
1158 2546 1196 2581 no·

117 2602 221 2648 tentiam
236 2613 313 2648 sunm.
327 2599 433 2645 insitum
444 2609 491 2643 non
506 2595 592 2653 cogitis
603 2607 644 2641 co·
670 2602 745 2646 mine.
762 2601 822 2645 Nam
839 2600 866 2646 et
884 2601 940 2646 ante
956 2601 1092 2649 biennium
1111 2603 1195 2661 terme,

118 2673 182 2728 iere,
191 2670 255 2731 quod
263 2669 339 2726 uelit,
348 2668 393 2713 boc
402 2668 468 2714 idem
477 2665 545 2712 vobis
553 2664 644 2720 liceat,
670 2678 725 2712 cum
734 2666 778 2712 boc
790 2666 874 2724 petere
885 2668 1026 2724 tentarent,
1039 2669 1109 2715 nisit
1119 2669 1149 2716 ad
1161 2681 1196 2715 me

117 2741 270 2798 imputeter,
291 2738 317 2783 et
337 2736 502 2795 unusquisque
522 2732 645 2791 patienter
670 2736 766 2781 sanctus
779 2734 896 2781 Damasus
908 2736 1026 2782 itomanae
1037 2738 1153 2785 Ecclesiae
1163 2750 1197 2784 sa·

117 2809 193 2865 terat,
214 2806 235 2852 si
256 2817 304 2851 non
325 2805 470 2861 extorqueat
489 2802 644 2859 imperatori,
670 2803 771 2862 cordos,
784 2802 877 2859 judicio
893 2803 938 2848 Dei
957 2804 1071 2864 eiectus,
1091 2806 1196 2852 iibeitura

117 2875 182 2934 quod
200 2874 301 2919 moleste
318 2870 407 2927 terret,
419 2870 439 2915 si
455 2870 479 2914 ei
497 2871 645 2928 extorquere
670 2883 744 2929 quem
755 2872 878 2918 christiani
890 2873 1017 2918 senatores
1029 2873 1165 2932 dederunt,
1175 2873 1198 2920 et

118 2944 220 3000 cuperet
232 2943 370 2998 imperator.
381 2939 441 2996 ipsis
451 2937 584 2995 gentitibus
596 2939 645 2984 dis·
670 2939 770 2997 quidem
781 2939 918 2997 innumeri,
932 2940 1089 2997 postulantes
1099 2943 1163 2989 nihii
1175 2953 1197 2989 se

118 3010 210 3071 ptinere
229 3008 356 3054 consuevit
375 3007 557 3065 praevaricantis
573 3009 645 3055 abac·
672 3008 719 3054 tute
727 3008 859 3065 mandasse,
868 3020 917 3054 non
925 3011 1197 3070 conqmeregentiiium

118 3080 172 3138 tus3
183 3074 646 3124 iibereenisndebetdetendereunus·
671 3077 807 3123 istiusmodi
827 3078 1003 3137 petitionibus,
1020 3092 1071 3127 non
1092 3082 1198 3140 praebere

118 3147 222 3206 quisque
238 3146 310 3193 tidete
329 3145 420 3191 mentis
434 3157 483 3193 suaa
504 3146 530 3191 et
548 3156 646 3192 serrare
671 3157 814 3192 consensum
826 3158 833 3191 ε
845 3146 923 3206 questi
940 3147 1016 3191 etiam
1032 3150 1136 3207 publice
1153 3149 1200 3208 pri·

118 3217 279 3275 propositum.
671 3214 1199 3275 ratimquesenonconrentunssadcurian,

148 3285 171 3332 8.
188 3285 257 3342 Quod
273 3285 294 3331 si
310 3285 385 3345 aliqui
401 3283 501 3331 nomine
518 3282 645 3331 christiani
671 3283 690 3328 si
700 3283 1041 3342 taiealiquiddecemeretur.
1052 3287 1200 3345 itignumest

119 3352 168 3398 taio
178 3352 271 3410 atiquid
281 3351 463 3397 decernendum
472 3353 647 3410 putant,men·
672 3352 821 3411 temporibus
829 3353 929 3410 vestus,
940 3353 986 3400 boc
998 3357 1051 3414 est,
1063 3356 1200 3403 christianis

119 3424 168 3466 iem
180 3420 247 3466 tuam
260 3420 376 3466 vocabula
392 3419 456 3465 nuda
470 3433 517 3466 non
534 3420 645 3480 capiant,
672 3422 837 3480 temporibus,
850 3423 877 3469 ut
889 3421 994 3481 dignitas
1012 3424 1199 3472 christianisse-

119 3487 218 3533 nomina
232 3499 356 3534 cassanen
368 3487 462 3534 [nitunt.
474 3489 589 3548 Quisquis
600 3489 645 3535 boc
672 3488 940 3548 natatibusnbroqetur3
949 3493 1199 3551 quagentiiibuspro·

119 3554 220 3612 suadet,
235 3556 368 3615 sacrificat,
380 3558 405 3603 et
416 3558 526 3617 quisquis
539 3559 583 3604 boc
599 3561 647 3604 sta·
671 3557 1199 3608 tanaedeteraturvoiuntatisettectustiiuue

119 3623 167 3669 init
182 3635 188 3667 ε
204 3635 392 3673 repensemus
408 3637 500 3673 nissen
518 3629 556 3673 est
572 3627 646 3673 nnius
672 3626 783 3673 libellum
805 3637 850 3685 eqo
869 3627 935 3673 tratri
955 3627 1100 3677 ciementiae
1117 3634 1198 3677 restra

118 3690 273 3752 sacrificium,
281 3706 352 3753 quam
360 3695 647 3753 tapsusomnium.Totus
672 3695 765 3753 direxi;
778 3694 843 3742 unde
853 3694 962 3741 constitit
972 3707 1023 3742 aon
1035 3699 1151 3745 senatum
1160 3697 1199 3744 ali·

120 3760 160 3807 bic
172 3760 357 3809 christianorum
370 3764 524 3822 periclitatur
537 3766 644 3810 senatus.
670 3763 730 3822 quid
750 3763 780 3809 de
798 3764 980 3821 superstitionis
998 3764 1122 3824 impensis
1136 3777 1198 3813 man·

150 3833 174 3879 9.
191 3832 215 3878 Si
232 3831 303 3879 bodie
320 3833 419 3890 gentiiis
435 3832 523 3891 aliquis
539 3832 647 3890 impera·
672 3833 740 3879 dasse
751 3833 847 3892 legatis.

110 3900 171 3957 tor,
181 3899 246 3957 quod
254 3900 330 3956 absit,
340 3911 405 3945 arum
418 3899 535 3946 statueret
546 3900 647 3946 simuta-
703 3901 740 3946 tt.
754 3901 800 3948 Sed
811 3901 911 3949 tortasse
929 3903 1028 3951 dicatur
1037 3918 1045 3951 t
1055 3904 1103 3952 Cur
1115 3906 1200 3954 dudum

119 3968 182 4025 cris,
194 3968 220 4014 et
231 3980 260 4013 eo
270 3968 401 4013 convenire
421 3970 519 4025 cogeret
534 3968 647 4016 christia·
672 3981 720 4017 non
731 3968 887 4017 interfuerint
904 3973 1018 4031 senatui,
1035 3987 1093 4022 curn
1107 3977 1152 4023 ista
1162 3987 1201 4034 po-

120 4047 178 4093 nos;
195 4036 223 4083 ut
238 4035 430 4083 sacrificantibus
446 4036 608 4097 interessent,
620 4040 647 4086 ut
673 4037 798 4087 tenentur?
818 4038 880 4087 Satis
895 4041 1031 4100 loquuntur
1042 4045 1102 4104 quid
1117 4045 1202 4101 veiint,
