2632 4784
56 451 58 454 Α
386 407 631 454 nnisnobllllllli
646 409 780 456 cbhssls
796 411 814 455 i.
1096 411 1141 458 ili

55 502 154 550 quoque
161 487 229 536 diem
236 490 462 549 comperendinavit
469 488 588 550 pretenta
611 489 765 540 mortemer
780 502 838 552 apro
857 503 956 550 senem,
966 505 1041 553 quem
1052 505 1140 555 uesper

56 557 218 606 humanitatis
229 556 326 618 speeie,
336 571 416 606 moras
428 557 587 607 innectendo.
612 568 644 606 ex
655 571 729 618 opere
745 559 834 620 agresti
851 561 969 621 compulit
986 561 1142 611 uoctedece·

55 626 111 672 Pari
130 625 203 673 modo
220 637 277 672 cum
296 626 371 673 ctiam
386 627 500 687 quintum
521 626 587 675 diem
612 624 681 673 dere.
692 628 788 675 Etcum
800 628 865 676 esset
879 629 904 683 ei
922 629 1082 691 conspicuus,
1102 642 1140 678 ro·

56 693 133 741 vellet
151 692 287 753 adjungere
302 695 482 754 superioribus,
498 696 523 743 et
537 694 588 753 iam
611 695 738 755 natusque
749 696 918 757 iret,etunde
928 697 1089 759 adventaret,
1098 710 1140 746 re·

56 774 127 810 nore
137 762 253 809 deessent
259 773 338 812 causae
349 764 474 822 morandl3
484 764 587 824 paterno
611 764 727 824 spondili
744 766 780 812 lle
791 767 919 828 Bethleem
938 766 1001 814 luda
1015 769 1140 826 revertor,

56 833 140 880 emen
156 831 248 879 allecta
266 832 405 881 retinendis
423 831 587 881 illiaedeside·
612 833 732 881 contendo
743 833 774 881 ad
786 834 895 881 montem
915 834 1141 895 ephremetmn-

55 901 122 948 rium
140 912 190 948 uon
205 899 318 960 deleret,
330 903 475 962 promissam
492 901 588 962 proiec·
613 901 705 950 llerest
714 913 811 950 mecum
821 915 829 948 r
841 902 884 951 sed
899 914 956 951 ecce
968 903 1016 950 huc
1034 903 1139 965 diverti,

55 967 130 1015 tionis
142 965 239 1027 copiam
250 967 347 1016 dhtuiit
362 969 389 1015 ln
405 968 548 1028 meridiem,
560 969 588 1016 ut
612 971 638 1015 el
657 981 730 1017 nemo
745 971 840 1031 estqui
858 970 964 1031 hospitio
983 972 1103 1032 recipiat,
1114 974 1141 1021 st

57 1035 587 1096 riamcibocuratiadorirentur.Postcpulas
611 1038 780 1096 requiescendi
802 1051 873 1087 usum
885 1040 1015 1087 ministret.
1031 1040 1142 1101 Nonquo

56 1118 154 1167 quoque
162 1106 247 1153 voleus
254 1104 398 1153 dilationem
409 1106 542 1166 adtexere,
558 1119 587 1156 eo
612 1107 661 1153 cibi
673 1109 716 1154 aut
725 1108 797 1167 potus
816 1107 877 1167 sibi,
889 1109 931 1156 aut
941 1110 1026 1169 pecori
1037 1105 1141 1170 pabulo·

57 1174 587 1235 quodiamvesperappropinquarct‚generi
612 1187 667 1222 rum
682 1175 747 1223 emet
762 1176 913 1238 indigentia,
931 1177 976 1225 sed
987 1177 1047 1226 tecti
1059 1179 1142 1239 hospi-

57 1241 186 1301 precibus,
197 1254 261 1302 egre
271 1241 345 1302 licet,
356 1245 440 1290 nmen
451 1243 586 1304 adquievit.
613 1244 646 1291 tio
664 1244 854 1303 prohiberentur
874 1258 882 1292 z
903 1247 992 1307 presio
1012 1258 1067 1295 esse
1084 1248 1141 1308 illa,

88 1310 586 1372 lt.iileltersuuruperrexitlmtusanlmi‚
611 1313 704 1361 nudum
723 1313 783 1361 tecti
802 1313 935 1374 hospitium
952 1314 1095 1362 desiderari.
1106 1316 1144 1364 id

57 1378 124 1440 quod
133 1378 251 1427 dilectam
260 1379 308 1428 sibi
320 1380 523 1440 recuperavisset.
538 1380 586 1440 Qui
612 1393 642 1428 ea
661 1383 744 1430 senior
771 1382 875 1443 beuiprm
899 1383 959 1432 satis
976 1383 1002 1430 et
1026 1384 1140 1443 placide:

58 1459 109 1494 uno
118 1448 226 1496 comitati
234 1449 343 1507 smvulo,
353 1462 410 1496 cum
418 1450 469 1508 jam
478 1449 588 1497 declina·
612 1451 675 1510 Pax,
695 1449 792 1512 inquit,
803 1450 850 1499 tibi
862 1464 869 1497 τ
881 1451 907 1498 et
926 1450 1030 1499 succede
1051 1451 1142 1514 hospes

58 1517 97 1564 ret
106 1514 173 1574 des,
184 1515 272 1564 iestiuo
279 1517 345 1564 viam
353 1517 494 1565 celerabant
500 1517 586 1578 prada.
613 1518 703 1577 pariter
718 1520 745 1566 et
764 1518 840 1580 ciris3
850 1530 908 1566 nam
920 1519 946 1566 ot
956 1519 1020 1566 mibi
1032 1520 1100 1579 oripo
1111 1520 1143 1571 de

58 1585 147 1633 liulicr
154 1584 291 1633 vehebatur
297 1585 424 1646 iumento,
435 1586 489 1635 viro
503 1587 587 1634 nullus
613 1587 702 1635 nroutis
712 1587 824 1648 Ephrem
834 1588 959 1649 partibus,
969 1586 997 1635 et
1005 1588 1046 1635 hic
1057 1588 1143 1649 bospi-

59 1666 144 1702 seusus
160 1652 266 1713 laboris,
284 1653 327 1713 qui
348 1654 431 1701 fructu
452 1653 586 1713 desiderii,
613 1656 669 1704 talis
687 1657 806 1705 hahitatio
817 1670 825 1703 a
836 1657 880 1704 sed
897 1658 1011 1716 tempore
1028 1656 1143 1705 diuturno
1199 1712 1202 1716 ,

58 1721 134 1769 durni
155 1721 181 1768 et
196 1719 265 1767 vario
283 1721 396 1769 midieris
413 1732 441 1767 ac
459 1721 587 1768 vernaculi
615 1724 732 1770 incolatus
742 1725 813 1771 sedes
830 1723 951 1771 laudarit.
963 1724 1145 1784 linquerecep·

60 1785 182 1846 sermono
193 1789 260 1836 riam
279 1789 384 1836 levaret.
410 1788 524 1848 Denique
543 1789 587 1836 ubi
615 1791 651 1835 tos
662 1789 785 1836 domicilio
798 1789 936 1837 ministerio
946 1789 1144 1837 suietsubsidils

60 1858 254 1917 llierosolymam
273 1857 514 1917 appropinquarunt,
535 1869 590 1915 qum
615 1855 930 1914 hospitalibusjuxtaiovit.

60 1926 160 1986 triginta
170 1924 256 1974 stadiis
262 1926 360 1983 aberat,
373 1937 446 1984 quarn
458 1926 516 1972 tunc
528 1925 590 1972 tem·
644 1924 668 1971 7.
681 1925 830 1972 hortabatur
840 1923 871 1970 ad
885 1923 998 1971 letitiam
1008 1924 1108 1984 senior,
1119 1928 1145 1973 et

60 1996 127 2056 poris
136 1994 242 2043 lebusaei
252 1995 383 2052 tenebant,
400 1994 517 2053 suggessit
528 2005 589 2053 puer
615 1992 823 2052 frequentioribus
836 1992 984 2051 prouocabat
994 1992 1104 2053 poculis,
1114 1995 1142 2052 pt

61 2063 240 2111 deflectendum
255 2064 281 2110 in
302 2062 443 2120 civitatem,
467 2062 525 2123 quin
543 2062 589 2109 sub
616 2061 673 2108 rino
693 2061 802 2108 aboleret
823 2071 937 2107 summm
954 2059 1065 2119 oblivia;
1087 2072 1144 2108 cum

60 2135 280 2191 noctemsuspectn
292 2130 589 2190 essentetiamilla,que
615 2130 696 2177 subito
716 2128 900 2177 circumsistunt
920 2141 963 2177 cos
985 2129 1144 2190 Gabaonitas,

61 2201 150 2249 tutiora
170 2200 240 2259 sunt,
260 2199 416 2259 cavendaque
432 2200 591 2246 tenebrarum
614 2199 718 2256 juvenes
733 2198 765 2246 ad
777 2210 874 2246 omnem
884 2198 989 2258 proiecti
998 2198 1144 2259 libidinem,

62 2270 189 2329 ambigua3
200 2267 308 2314 maxime
318 2265 376 2326 quia
384 2267 493 2313 locorum
503 2265 591 2314 incole
616 2268 680 2316 nihil
690 2280 792 2327 pensum
803 2280 831 2315 ac
840 2267 994 2316 moderatum
1006 2268 1143 2315 habentesr

62 2350 112 2386 non
122 2339 203 2386 esseut
213 2337 244 2383 de
257 2336 314 2382 siliis
325 2335 408 2382 lsrael.
421 2335 451 2382 Et
460 2334 517 2382 ideo
529 2347 592 2394 pre-
616 2349 677 2397 quos
687 2336 763 2383 iorrua
769 2336 881 2383 mulieris
889 2335 1017 2395 illexerat,
1027 2335 1084 2383 etin
1093 2348 1144 2382 oru-

62 2406 223 2464 vertendum,
233 2417 265 2451 ne
273 2403 333 2464 quid
343 2403 445 2450 adversa
455 2404 539 2450 studia
550 2417 592 2462 ge-
617 2404 810 2450 uemamcntinm
820 2403 1145 2463 praecipitabat3captieniru

62 2475 146 2522 rentes
166 2473 309 2519 insidiarum
334 2468 469 2527 iuierreut,
490 2470 592 2517 obscuro
616 2471 671 2529 ejus
681 2472 784 2529 decore,
796 2472 821 2518 et
829 2472 1029 2530 perseneciutem
1040 2472 1145 2531 hospitis

62 2544 142 2591 noctis
162 2541 244 2588 dolum
265 2538 433 2597 quarentibus
452 2538 483 2583 ad
503 2549 593 2597 perpe·
617 2540 691 2598 atque
700 2538 1093 2599 infirmitatemsubsidii,nccepta
1101 2552 1145 2600 spe

63 2610 177 2659 bandum
195 2608 290 2655 lacinus
306 2605 364 2650 sotis
381 2605 526 2662 opportuno.
546 2606 594 2653 Sed
618 2606 746 2665 potiundi,
765 2607 869 2665 poscunt
889 2605 1033 2666 mulierem,
1047 2609 1146 2669 et‘pnl·

63 2673 592 2733 dominoejushaudquaquarnplacuitsen·
618 2677 671 2723 saut
687 2676 795 2734 januam.
958 2695 963 2701 ·
1162 2692 1166 2700 ·

63 2747 156 2802 tentia,
181 2744 208 2790 ut
229 2743 294 2789 iuter
314 2742 464 2800 alienigenas
488 2744 594 2804 hospitio
647 2745 671 2793 8.
683 2746 767 2805 ltaque
778 2757 888 2805 opressus
900 2744 983 2793 senior
993 2745 1093 2806 rogabat
1104 2758 1146 2793 eoa

64 2813 238 2870 succedereut;
250 2824 305 2859 curn
316 2811 399 2857 cabaa
410 2814 436 2858 et
455 2812 532 2859 hama
543 2825 594 2860 non
618 2826 650 2861 ne
661 2812 1062 2873 hospitalesmensasiurpitlagitio
1070 2813 1148 2862 ioedr·

65 2885 136 2943 longe
148 2880 260 2929 abessent
270 2879 382 2928 ciuitates
391 2880 531 2939 Beniamin.
546 2883 593 2929 lta·
618 2881 1148 2944 reut‚etrererendumlusetiamindomitis

63 2962 113 3012 que
130 2950 265 3011 prevalens
289 2947 427 3007 sententia,
451 2949 593 3008 posthabuit
619 2954 776 3001 barbararum
787 2952 1044 3012 peutiumuatiouibus
1053 2954 1148 3003 violan-

64 3020 157 3069 senuit
174 3017 371 3078 suggestionem
386 3020 455 3079 quasi
467 3030 500 3066 ex
511 3020 595 3066 condi·
620 3023 680 3070 dum
696 3021 1066 3069 arbitrarenturrcoulrihulem
1078 3020 1148 3071 illurn

65 3086 596 3145 tloneconsiliumestimaretur,etnoncon·
620 3089 682 3147 sibi‚
704 3089 840 3136 israelitem
860 3088 941 3134 virum
958 3088 1064 3148 legitimi
1083 3091 1147 3139 thori

65 3158 121 3209 silio
135 3155 247 3217 quamvis
259 3154 342 3201 intima
357 3153 465 3200 conditio
478 3155 597 3202 allevare·
620 3157 753 3205 subnixum
763 3156 849 3213 copula
859 3168 907 3201 non
918 3155 972 3203 sine
981 3156 1148 3217 indignatione

66 3230 115 3276 tur.
127 3227 258 3285 uslausei
270 3225 295 3271 in
305 3234 392 3271 occasu
404 3223 457 3270 erat
468 3237 475 3269 r
488 3223 596 3283 denique
620 3223 727 3272 coelestis
734 3223 822 3269 arbitri
832 3221 975 3269 tantaaitici
990 3224 1147 3272 contumelia.

67 3292 596 3354 vixoccurrit,curnjamurperetnrrespere
621 3292 690 3352 Quod
708 3290 752 3337 ubi
771 3302 857 3350 parum
874 3289 1006 3348 procedere
1026 3290 1148 3352 advertit,
1226 3294 1228 3300 ⁴

67 3366 93 3414 in
109 3365 235 3412 ciuitatem
254 3361 398 3410 succedere.
621 3373 674 3411 esse
685 3360 733 3408 sihi
744 3359 821 3406 tiliam
832 3359 954 3419 virginem
965 3357 1068 3419 adjecit,
1081 3359 1149 3408 illam
1185 3360 1186 3364 ’

97 3434 121 3483 6.
136 3433 276 3481 Gabaonitas
296 3429 438 3478 incolebant
453 3429 548 3491 iocum,
560 3430 597 3477 in·
621 3442 647 3477 se
660 3428 747 3476 otlerre
763 3427 855 3487 majore
871 3426 980 3487 parentis
996 3426 1094 3486 dolore,
1105 3429 1149 3476 sed

68 3502 213 3562 hospitales,
225 3499 345 3558 immites,
356 3498 538 3558 intolerabilem
547 3511 598 3546 orn-
622 3497 715 3544 minore
723 3494 1078 3556 manaehospitallsdispeudlo
1087 3509 1094 3543 ε
1103 3508 1150 3557 pu·

68 3573 202 3621 niatanmn
220 3570 412 3628 tolerabiliores,
428 3569 535 3629 quamsi
551 3568 597 3616 all·
623 3564 1166 3625 oricumflagitiumprivatodedecoretole·,
1215 3612 1219 3617 .

68 3653 144 3702 quern
163 3639 270 3700 hospitio
301 3638 459 3697 recepissent.
485 3637 597 3698 mulque
622 3634 724 3681 rabilius
742 3633 844 3680 habere.
864 3634 941 3681 atilli
960 3635 1149 3694 exagitandum

69 3709 220 3758 commodius
234 3707 294 3755 huic
313 3706 366 3754 niro
383 3706 466 3754 levitae
476 3707 596 3764 cesserat,
624 3703 724 3761 luroris,
734 3704 761 3750 et
776 3701 921 3750 inflammati
931 3702 1056 3753 incentivo
1068 3704 1150 3754 libidi-

69 3779 90 3825 oi
103 3779 130 3825 in
140 3778 221 3824 Gabna
239 3775 374 3837 hospitium
390 3787 439 3821 uon
456 3774 596 3833 reperisset.
623 3769 1150 3831 uis,eoampliusardebantiorruamluren-

70 3847 163 3893 verunt
172 3857 204 3892 ne
214 3843 275 3905 quid
283 3843 380 3891 deesset
390 3841 540 3901 offensionis,
547 3841 599 3901 pri·
623 3841 685 3889 sulas
693 3873 702 3898 ,
710 3853 758 3901 quo
769 3839 845 3900 magis
852 3840 997 3900 ommutui.
1010 3843 1039 3887 Et
1047 3840 1151 3899 iustitie

70 3927 111 3962 ino
131 3911 414 3974 inpressudiversorium
429 3923 478 3958 nou
489 3911 597 3970 reperit:
624 3911 734 3960 exsortes
760 3908 876 3960 ridebant
903 3909 979 3957 verba
1010 3909 1150 3969 equitatis,

71 3984 98 4030 et
109 3994 165 4029 curn
175 3981 201 4029 in
209 3980 309 4039 publico
319 3981 396 4038 situs,
407 3979 513 4027 alienam
524 3978 599 4027 nuise-
624 3977 700 4025 hilam
706 3976 781 4037 unis,
788 3977 847 4038 qnia
854 3969 1046 4026 minorelnridia
1051 3976 1151 4027 socieris

71 4049 203 4106 ricordinrn
222 4049 376 4111 imploraret,
399 4047 501 4098 oneudit
521 4047 599 4098 advo·
623 4046 785 4106 otierehatur,
798 4045 923 4106 despectui
931 4038 1064 4094 babentes?
1138 4078 1141 4085 -
