2632 4784
227 210 261 259 50
624 211 745 259 sabell
758 210 922 257 Anuuostl
1023 218 1027 223 '
1078 219 1083 229 '

228 295 316 356 uthase
332 293 364 343 ab
379 292 541 344 inferioribus
550 291 583 341 ed
598 292 761 354 aspertum
786 292 852 353 begs
862 289 1128 351 musculorumue
1137 291 1222 353 moa
1242 320 1249 330 ·

227 357 354 426 synagoga
365 363 460 413 seilicet
470 362 503 412 ad
514 363 760 424 bedesiamdlcqres-
785 362 863 410 retur.

226 430 760 493 suspersthnsmcst,utbieait:autslcut
816 429 855 478 56.
876 427 936 478 dan
955 428 1020 478 sicut
1036 429 1079 477 lita
1093 440 1151 490 qun
1172 429 1200 479 ln
1249 451 1305 469 »

227 501 517 561 Μοίιοοοορηίνοῐοοις
531 499 647 548 internos
658 500 724 548 enim
735 501 761 547 et
785 498 930 557 erogaverat
946 509 1043 546 omnem
1066 497 1232 546 substantta-
1274 524 1278 529 >
1315 520 1316 535 l

227 571 286 621 illos
297 570 387 617 fretum
401 582 516 629 magnum
531 571 577 618 est.
592 571 677 631 ltaque
687 582 760 618 nemo
786 565 825 628 (v.
833 565 895 630 td),
906 567 941 614 ita
952 565 1027 614 ettam
1037 567 1197 626 congregatio
1209 568 1303 626 genum

226 638 259 687 de
271 639 378 686 Ecclesia
387 638 417 686 ad
425 639 575 698 synagogam
586 639 639 686 sins
649 638 759 699 periculo
784 636 899 684 amiserat
915 635 997 683 omnia
1007 635 1071 682 dona
1082 636 1196 696 naturas3
1207 639 1233 685 et
1242 649 1279 697 pe

227 708 418 756 transitsalutis.
430 707 515 756 Sedet
530 708 574 755 ille
584 709 627 768 qui
638 707 669 755 de
682 708 758 767 Syna-
784 705 894 751 monium
904 705 979 752 vitale
990 704 1151 764 prodegerat,
1164 707 1261 766 macta,
1270 716 1304 757 rs·

227 787 288 836 goga
303 775 334 823 ad
349 775 481 824 Ecclesiam
500 777 603 825 transire
619 776 757 836 desiderat,
783 772 908 833 recunda,
921 773 1053 833 religiosa,
1064 772 1113 820 lide
1128 774 1303 835 promttorm·

226 857 327 893 crucem
337 857 406 893 suam
414 845 497 905 tollat,
513 848 541 893 nt
557 845 689 894 dlscrimeu
699 857 758 893 ess·
784 842 841 889 dore
852 843 1005 901 cunctatior,
1016 841 1063 890 boe
1077 841 1116 890 est
1131 843 1202 889 enim
1219 843 1303 902 μω

226 913 279 964 dat.
784 912 810 960 et
827 911 899 970 lldei,
918 923 1050 971 agnoscere
1067 910 1251 972 infimitatem,
1265 923 1302 960 κ

257 984 757 1045 55.ementemnoureclpllurliberalus,
783 982 913 1041 desperare
922 983 1031 1029 veniam.
1042 981 1190 1028 Verecunda
1199 980 1303 1041 ergab·

224 1053 271 1101 sed
281 1053 380 1100 muium
395 1054 477 1102 redire
493 1057 621 1113 censetur;
637 1054 685 1101 nisi
695 1055 755 1100 utel
782 1049 860 1096 briam
871 1048 1054 1108 letigit,ddetis
1065 1049 1186 1107 accessit,
1203 1049 1301 1110 religtsn

225 1120 349 1181 iactantiae
367 1134 440 1169 causa
453 1122 561 1182 vitetur,
572 1126 598 1170 et
614 1122 757 1170 infidelibus
782 1119 902 1178 credidit,
916 1119 1014 1178 sapiens
1030 1119 1144 1165 sanatum
1154 1130 1183 1166 se
1194 1130 1301 1180 esseoq·

225 1190 260 1239 sit
269 1189 398 1249 exemplo,
407 1191 524 1249 quoniam
534 1192 621 1239 domus
631 1191 673 1237 llla
685 1191 757 1238 natu·
782 1188 858 1234 novit.
868 1188 906 1235 Sic
914 1189 997 1235 sancta
1004 1186 1074 1248 plebs
1081 1187 1195 1245 gentium
1202 1187 1301 1248 quabes

224 1260 278 1307 nie
288 1260 321 1306 sit
331 1258 508 1318 diversorium
519 1261 545 1306 et
557 1259 612 1307 ideo
622 1258 665 1319 qut
676 1271 756 1306 reme-
781 1256 900 1316 credidit,
911 1259 1041 1316 peccatum
1053 1256 1169 1315 erubuit,
1178 1258 1209 1304 nt
1217 1256 1301 1306 deses·

224 1326 293 1375 dium
304 1328 415 1375 sanitatis
431 1327 512 1376 iuerat
522 1329 680 1386 consecutus,
691 1340 705 1374 s
716 1329 756 1375 tu·
780 1328 834 1375 ret:
847 1327 921 1376 sidem
938 1328 1044 1386 detulit,
1055 1329 1084 1375 ut
1094 1327 1227 1377 crederet:
1237 1327 1300 1376 ders·

224 1398 298 1445 mulis
314 1398 341 1445 et
355 1395 476 1457 sepulcris
491 1396 517 1444 iu
529 1396 597 1444 illam
616 1397 754 1456 spiritalem
780 1395 872 1445 tionem
891 1397 1021 1455 exhibuit,
1038 1398 1065 1444 ut
1081 1397 1200 1456 mgarets
1216 1396 1300 1457 septas·

223 1464 322 1513 domm
340 1465 422 1514 redire
437 1466 594 1526 praecipitum
606 1467 635 1514 ut
650 1465 692 1513 liat
707 1467 754 1514 Dei
780 1465 839 1512 tiam
851 1466 948 1526 induit,
961 1465 989 1514 ut
999 1465 1213 1514 sanitatemsusnr
1223 1465 1299 1527 ests·

223 1533 357 1595 temptum,
375 1534 402 1583 in
421 1547 470 1596 quo
488 1536 542 1584 erat
559 1535 651 1584 mentis
670 1536 754 1595 sepul·
779 1537 901 1585 sentiret:
914 1535 1028 1584 fiduciam
1038 1534 1141 1595 sumsit,
1152 1537 1182 1583 nt
1192 1535 1299 1586 tatem

223 1615 303 1651 crum.
779 1604 846 1666 quod
855 1603 1024 1665 proripuisset
1037 1603 1157 1652 ebenum.

222 1700 249 1743 V.
258 1703 281 1742 tt
289 1731 295 1752 ,
304 1704 335 1743 tt.
343 1705 369 1768 El
377 1715 425 1745 sees
433 1706 661 1745 vcnltslrculnemea
669 1703 754 1766 learns,
918 1709 942 1748 v,
953 1708 986 1747 ts,
1000 1709 1090 1748 Aemula
1104 1713 1170 1748 mam

243 1757 753 1860 :numm'smmaglnffl
807 1794 1297 1856 bl.Curantemretrotnnglturcbrlstmt

243 1862 334 1902 domum
344 1875 404 1902 suam
413 1877 418 1909 ς
428 1866 478 1913 qnia
488 1866 532 1902 fllia
541 1867 657 1903 unlcscrat
668 1866 699 1902 illi
708 1865 753 1902 tere
778 1867 815 1913 All
828 1866 885 1926 quia
904 1863 1022 1925 scriptum
1036 1864 1074 1911 est
1090 1876 1097 1910 ε
1114 1867 1172 1914 Post
1181 1867 1296 1914 Minu

243 1917 730 1966 ⁸⁰⁰⁰¹e¹¹¹⁶¹¹⁰⁶⁰⁰¹¹¹¹e¹¹¹⁸⁶m⁰¹¹⁹l⁸¹¹¹e
777 1933 1295 1992 mammosamlmousouueumsu

251 2000 290 2051 bb.
307 2003 450 2065 deliquerat
463 2003 489 2052 in
500 2003 631 2052 Gerasenis
646 2003 752 2064 synago
778 2005 832 2052 vult
851 2003 917 2063 quod
935 2004 961 2050 et
979 2000 1098 2062 principis
1120 2001 1173 2050 tilis
1192 2015 1295 2051 annorum

220 2084 276 2133 gom
285 2072 442 2132 cbristus,nt
453 2073 579 2121 diximus:
594 2074 619 2120 et
630 2086 704 2133 quem
713 2073 751 2120 sui
777 2072 907 2120 duodecim
923 2071 1089 2131 moriebatur,
1108 2070 1134 2118 et
1153 2071 1245 2121 mulier
1260 2073 1294 2119 ista

219 2154 269 2191 non
280 2144 438 2203 receperant,
449 2144 592 2202 excepimus
602 2143 693 2202 alieni,
705 2156 751 2190 ex·
776 2140 977 2201 tluxnsanguiuis
987 2139 1018 2186 ab
1029 2138 1295 2190 annmduodecimtrbo

221 2209 330 2268 cepimus
341 2222 414 2268 quem
423 2211 633 2270 exspectabamus.
647 2212 695 2258 llec
706 2223 751 2257 no·
775 2212 846 2259 rabat
856 2224 863 2256 =
872 2210 921 2259 nisi
928 2211 958 2257 ut
966 2209 1296 2271 intelligaturquiaquamdin

220 2275 259 2322 bis
271 2276 347 2334 igitur
362 2277 477 2338 aquibus
494 2278 750 2338 exspectabatur,diu
775 2280 899 2341 synagoga
924 2278 1016 2338 viguit,
1041 2278 1166 2328 laboravit
1189 2280 1294 2329 Ecclesia.

220 2343 299 2391 defuit
310 2359 317 2390 a
329 2358 375 2392 nee
385 2345 417 2393 ad
434 2346 536 2404 illos,‘si
548 2347 658 2407 rogetur,
667 2347 749 2395 redire
776 2348 893 2396 Deiectus
911 2347 992 2406 illius,
1006 2346 1081 2406 huius
1092 2349 1130 2396 est
1142 2347 1236 2409 versun
1250 2348 1296 2412 qais

220 2411 325 2461 fastidit.
337 2413 381 2459 l'ir
392 2414 457 2461 enirn
476 2414 521 2461 iste
541 2415 655 2474 princeps
673 2415 749 2476 Syna-
774 2416 1297 2476 lltoramdetictosotsogeotibusseteonsum·

219 2493 296 2541 gogae,
306 2481 345 2528 eui
355 2481 404 2528 lilia
412 2484 465 2529 erat
473 2482 558 2541 unica,
567 2496 610 2541 pro
619 2481 749 2543 synagogae
774 2486 849 2532 matio
860 2484 942 2542 iliius,
955 2484 1030 2543 buius
1042 2483 1189 2544 exordium,
1200 2499 1251 2534 non
1262 2497 1297 2534 nt·

218 2550 345 2610 pereuntis
355 2551 465 2599 remedio
475 2552 635 2612 precabatur,
643 2566 698 2613 qum
709 2565 749 2600 ur-
774 2555 834 2602 turae
844 2553 989 2612 exordium,
1000 2553 1043 2601 sed
1053 2553 1156 2601 salutis:
1168 2557 1232 2617 Quin
1242 2556 1297 2604 οοεὶ·

218 2620 321 2679 gebatur
333 2621 357 2666 in
368 2624 486 2682 mortem3
498 2622 554 2682 quia
564 2623 723 2670 deserebatur
734 2635 748 2670 a
774 2626 809 2672 tus
820 2637 849 2671 cx
859 2627 925 2684 perte
941 2623 1014 2671 lsrael
1029 2625 1137 2683 contigit,
1148 2625 1223 2672 donec
1238 2628 1298 2688 uene

217 2689 321 2736 cbristo.
330 2690 408 2746 Quem
420 2690 672 2751 putamusSynagogm
680 2691 748 2749 prin·
773 2693 826 2738 tudo
844 2695 947 2753 gentiam
964 2694 1073 2740 intraret.
1083 2691 1137 2738 Nou
1154 2692 1233 2752 igitur
1245 2697 1298 2744 tem·

218 2758 374 2817 ripensem,
386 2757 434 2804 nisi
443 2758 547 2817 Legem,
558 2760 629 2818 cuins
641 2762 748 2807 contem·
772 2772 847 2819 pore,
858 2759 900 2806 sed
912 2761 995 2820 specie
1005 2760 1116 2808 sanitatis
1124 2763 1252 2823 antiquior
1262 2763 1299 2823 Sy·

217 2825 326 2884 piatione
339 2825 610 2887 belninnssynaqogam
620 2827 747 2888 nonpeni·
773 2840 863 2887 nagoga
879 2840 951 2888 quam
967 2829 1091 2888 Ecclesia3
1111 2829 1170 2890 quia
1189 2832 1299 2892 quamdiu

217 2893 258 2940 tus
272 2892 419 2953 dereliquit,
435 2894 478 2940 sed
497 2896 646 2943 medicinam
662 2895 747 2942 salutis
772 2896 814 2942 iila
825 2897 955 2956 credebat,
968 2897 1012 2944 ista
1032 2910 1081 2944 non
1091 2898 1214 2959 credidit,
1226 2902 1252 2949 et
1262 2912 1299 2963 per

217 2961 377 3010 credentibus
395 2965 545 3012 reservavit?
560 2966 596 3011 Ad
616 2965 677 3012 banc
689 2977 746 3023 erqo
771 2964 850 3012 varias
867 2967 977 3026 corporis
994 2968 1067 3026 utque
1079 2968 1169 3016 animm
1181 2971 1300 3030 passiones

217 3027 337 3089 principis
349 3029 422 3076 ullam
435 3031 493 3078 dnm
505 3033 619 3094 properat
630 3031 675 3077 Dei
686 3032 747 3077 Ver·
771 3034 946 3083 immedicabili
957 3035 1067 3083 remedio
1083 3049 1146 3097 aegra
1163 3038 1298 3100 lanrguebat.

216 3095 291 3153 bum,
310 3100 339 3145 ut
362 3099 441 3146 salros
459 3100 553 3149 taceret
574 3100 637 3146 filios
656 3099 745 3158 lsrael,
770 3102 871 3149 Audiuit
882 3104 999 3162 aegrotare
1015 3105 1134 3164 populum
1146 3105 1299 3164 Judaeomm,

217 3167 299 3213 sancta
311 3167 418 3215 Ecclesia
428 3168 744 3229 degentibuscoogregata,
769 3184 867 3232 sperare
883 3174 958 3232 eoeptl
974 3173 1060 3222 salutis
1075 3187 1125 3222 sum
1142 3176 1298 3226 remedium:

216 3247 271 3294 quae
283 3236 426 3285 interiorum
445 3239 513 3300 lapsu
528 3238 658 3285 criminum
669 3238 744 3299 depe·
769 3242 867 3300 tempus
885 3242 981 3289 venius
996 3243 1111 3302 coguovit
1128 3256 1178 3303 quo
1190 3245 1299 3294 medleus

215 3305 295 3365 ribot,
307 3308 415 3366 paratam
431 3308 486 3356 aliis
504 3307 551 3354 lide
561 3306 689 3368 praeripuit
705 3321 744 3357 sa·
768 3310 865 3360 adesset
883 3325 896 3359 e
909 3313 986 3370 eoelo,
997 3313 1107 3361 surrexit
1121 3314 1150 3361 ut
1160 3319 1300 3364 occurreret

215 3375 329 3423 nitatem.
768 3380 848 3428 Verbo
867 3393 874 3426 s
895 3381 957 3429 vidit
976 3382 1034 3440 quia
1057 3380 1270 3442 comprimebatur
1286 3397 1298 3430 a

246 3444 285 3490 55.
294 3445 418 3493 lloraliler
428 3447 494 3492 bunc
509 3443 590 3492 locum
601 3441 662 3491 satis
671 3445 744 3505 puta·
768 3449 860 3509 turbis3
871 3463 919 3497 non
931 3451 997 3497 enim
1006 3450 1125 3509 credunt,
1135 3451 1180 3511 qut
1194 3456 1297 3513 compri-

216 3511 297 3560 simus
306 3514 493 3573 exprimendum
506 3527 513 3560 s
525 3515 551 3561 et
566 3513 621 3560 ideo
636 3526 684 3560 nou
701 3516 741 3561 ills
767 3520 849 3579 munt,
859 3520 962 3568 eredunt
973 3519 1015 3580 qui
1028 3521 1138 3580 tangunt.
1149 3520 1210 3568 Fide
1220 3522 1298 3583 tangi·

217 3593 270 3641 squas
281 3582 344 3629 dieta
352 3585 408 3631 sunl
416 3581 633 3640 remeansque
642 3582 743 3643 mystica
768 3588 808 3634 tur
815 3587 923 3635 Christus
930 3589 992 3647 ‚dde
1000 3589 1110 3637 cbristus
1121 3588 1224 3638 ridetur
1236 3604 1298 3639 suen

216 3648 285 3696 brevi
302 3651 424 3698 voluimus
441 3662 553 3698 sermone
568 3651 741 3711 perstringere.
767 3665 867 3716 corpore
887 3659 1010 3718 tangitur,
1028 3670 1077 3706 non
1095 3658 1174 3707 oculis
1187 3672 1297 3721 compre

216 3721 251 3766 dn
262 3731 310 3766 non
323 3719 356 3767 ita
368 3720 456 3766 laetum
470 3721 522 3779 est,
534 3721 563 3767 ul
578 3721 621 3768 Del
634 3722 743 3769 Verbum
768 3723 896 3785 benditur3
907 3739 986 3787 neque
995 3727 1297 3789 enimvidet,quividens

216 3800 271 3834 cunr
289 3788 397 3834 venisset
414 3786 445 3833 ad
461 3787 574 3844 ludens,
595 3789 743 3838 adsciscere-
767 3804 815 3839 non
833 3795 902 3845 sidet
914 3811 922 3842 .-
933 3808 1015 3855 neque
1033 3797 1116 3856 audit,
1134 3796 1178 3858 qui
1195 3809 1225 3845 ea
1242 3812 1296 3860 quae

215 3858 255 3903 tur
268 3869 281 3901 a
293 3855 423 3917 gentibus,
435 3859 459 3903 et
471 3857 539 3917 prius
551 3858 580 3905 ab
597 3859 647 3906 iliis
662 3859 705 3919 qul
716 3861 742 3907 in
766 3861 847 3922 audit,
859 3876 905 3911 non
918 3865 1055 3923 intelligit:
1067 3858 1146 3925 neqi'm
1164 3867 1242 3925 tangit
1252 3869 1293 3928 qut
