2632 4784
125 334 171 386 rito
372 346 384 372 ο
459 322 462 327 ’
509 326 833 384 snncnrnuuuesrr'

157 418 195 470 tt.
210 421 271 483 lingo
287 432 337 469 nou
348 418 426 468 solum
443 418 563 482 panionia
573 420 653 481 diem,
680 418 841 480 Diocletiani,
852 429 909 467 cunr
926 419 1057 469 incidisset
1071 420 1163 482 quarta
1173 418 1216 470 dt·

125 488 251 538 sedetiam
259 488 445 538 resurrectionis
453 489 577 538 obseravi
584 501 654 549 opor·
679 489 742 536 aima
754 488 813 537 luna
830 489 857 537 iu
875 489 988 550 quartum
1005 488 1137 538 decimum
1151 489 1214 538 diem

124 557 161 606 iet
171 569 186 605 a
197 556 281 615 nobis3
293 559 321 606 ul
331 556 464 606 babeamus
475 557 500 606 et
511 558 653 606 amaritudi·
678 557 821 619 pharmuthi
831 559 937 618 mensis,
946 571 1002 621 (με
1010 560 1051 607 est
1060 559 1153 619 quinto
1163 559 1214 607 idua

124 627 164 673 nia
181 628 207 675 et
223 626 315 675 letitiae
332 626 398 674 diem
415 640 422 672 z
439 625 482 673 ilio
498 626 653 686 ieiunemus,
678 626 777 688 aprilis,
794 640 849 688 quae
868 627 922 675 erat
933 628 1064 676 Dominica
1083 627 1214 688 die‚cele·

124 695 172 743 isto
182 695 329 744 reficiamur.
337 695 406 743 Unde
417 694 438 742 si
449 695 578 755 inciderit,
589 695 654 743 sicut
678 694 774 744 braium
783 698 821 744 esi
829 696 920 758 pascha
929 696 1061 744 Dominica
1070 695 1213 756 pharmuthi

123 764 234 813 futurum
251 766 287 813 est
306 766 432 826 proxime,
450 765 538 825 quarta
558 764 653 813 decima
677 763 795 823 vigesimo
807 767 833 813 et
845 765 925 824 primo
935 765 993 823 dle,
1004 765 1051 825 qui
1065 765 1212 813 iulisroun·

122 835 181 884 luna
192 835 284 884 mensis
295 835 368 896 primi
385 835 426 882 die
438 835 583 896 Dominica;
594 837 652 897 quia
677 831 735 880 dum
751 844 796 882 nos
814 834 995 882 sextodecimo
1007 832 1131 882 kalendar
1145 834 1210 881 mall.

123 917 204 965 ireque
213 905 339 952 Dominlca
345 903 459 963 ieiunare
468 903 654 963 debamus,ne·
678 901 747 949 Unde
764 903 862 950 comet
880 903 943 951 ratio
959 901 994 950 sii
1012 903 1040 949 ei
1054 901 1211 963 exemplum,

123 986 171 1034 que
180 975 251 1023 teriia
262 973 357 1020 decima
364 973 423 1020 luna
431 972 471 1020 die
482 972 576 1021 sabbati
587 972 651 1021 inci·
675 971 741 1019 nibil
751 984 826 1033 super
836 972 883 1021 boc
894 983 997 1020 monere
1007 983 1055 1020 nos
1065 971 1149 1020 debat.

123 1043 196 1091 clanis
213 1043 335 1102 jejunium
346 1042 455 1101 solvero,
466 1040 532 1102 quod
544 1043 651 1091 maxime
707 1041 899 1090 inuenerunt
911 1042 963 1102 eat,
974 1040 1043 1103 quod
1058 1040 1211 1089 enodandum

123 1110 163 1158 die
174 1111 292 1172 passionis
303 1113 339 1160 esi
351 1111 520 1159 exhibendum
532 1125 539 1158 τ
551 1113 578 1158 in
589 1113 652 1160 aite-
676 1109 788 1172 videtur,
799 1114 858 1174 qula
874 1113 990 1174 plerique
1002 1112 1097 1174 putant
1106 1113 1212 1161 moneo

122 1191 174 1226 ram
183 1179 359 1228 hebdomadam
368 1179 499 1228 celebritas
508 1181 650 1240 paschassi
676 1193 760 1229 meuse
778 1193 822 1230 uos
839 1182 1012 1232 celebraturos
1031 1182 1143 1242 pascha,
1157 1194 1211 1230 cum

122 1247 265 1296 differenda.
283 1248 409 1310 Siquidem
430 1249 542 1309 sequitur
563 1249 649 1310 quinta
675 1251 794 1311 scriptum
804 1253 837 1301 sit
851 1265 860 1298 a
875 1253 973 1302 Custodi
985 1255 1095 1314 primunr
1112 1266 1210 1301 mm

122 1314 217 1363 decima
236 1316 306 1375 luna,
316 1330 363 1377 qua
374 1329 459 1377 passus
476 1318 513 1364 est
527 1317 649 1377 christus,
675 1331 801 1381 novaram
811 1322 879 1381 quod
888 1334 935 1370 non
949 1321 1033 1381 potest
1046 1321 1173 1382 incidere,
1184 1322 1209 1368 nt

121 1384 147 1430 el
165 1385 213 1432 erit
228 1385 336 1432 secunda
354 1384 414 1431 ieriu
432 1398 439 1428 ε
458 1385 531 1431 tertia
550 1398 648 1446 qnoque
676 1388 886 1447 praterinensem
903 1401 1025 1437 novorum
1045 1389 1139 1449 pascha
1150 1390 1210 1437 cele-

121 1449 543 1513 icrlaoritsexiadccimaiuna,qua
552 1455 649 1501 Domini
675 1454 1208 1516 breut‚nisiquiqumtamdecimamlunau

120 1531 177 1567 caro
195 1520 222 1567 in
237 1523 349 1581 sepulcro
360 1520 470 1581 quievit3
489 1533 545 1568 eum
562 1525 649 1581 quarta
676 1522 709 1569 ita
717 1524 1119 1583 observantseaundumliiteram,
1127 1526 1155 1573 nl
1164 1537 1207 1573 non

120 1589 195 1636 ctiam
207 1590 268 1638 ieria
278 1593 383 1651 septima
393 1591 489 1638 decima
500 1592 558 1639 luua
568 1591 650 1640 lutura
675 1590 722 1636 aiio
743 1590 790 1638 nisi
809 1591 862 1651 ipso
881 1592 1012 1640 celebrent
1030 1592 1083 1640 die.
1098 1592 1209 1654 Denique

120 1657 168 1717 sii,
177 1672 226 1719 qua
236 1660 354 1708 Dominus
365 1660 509 1709 resurrexit.
675 1658 783 1706 insuram
794 1661 873 1708 iudai
891 1661 1054 1721 duodecimo,
1071 1674 1123 1710 non
1133 1663 1208 1722 primo

151 1727 189 1775 lt.
201 1729 260 1776 Cum
272 1729 346 1788 igilur
357 1728 465 1776 triduum
476 1728 538 1776 iliud
553 1742 648 1777 sacrum
674 1739 759 1775 manse
768 1729 915 1777 celebraturi
925 1731 983 1778 suni
991 1731 1102 1791 pascha,
1110 1731 1157 1778 boc
1166 1732 1209 1790 eat,

120 1795 146 1844 in
156 1797 332 1845 hebdomadam
343 1798 455 1858 proxime
470 1798 580 1846 incurrat
590 1799 649 1846 ulti-
674 1796 770 1844 decimo
782 1797 854 1844 terlio
872 1797 988 1846 kalendas
1005 1799 1110 1860 aprilis,
1121 1811 1205 1847 secun

118 1874 198 1925 mam,
208 1866 272 1913 intra
280 1866 345 1926 quod
353 1865 461 1913 triduum
473 1866 497 1911 et
509 1878 592 1925 passus
602 1868 648 1926 cst,
674 1863 732 1911 dum
750 1878 812 1914 nos:
831 1867 964 1916 secundum
982 1869 1113 1928 Egyptian
1130 1870 1207 1916 antem

119 1936 145 1982 ei
152 1935 261 1996 quieuit,
271 1935 297 1982 et
307 1935 457 1992 resurrexit,
466 1932 496 1980 da
508 1947 555 1993 qino
567 1934 647 1983 triduo
674 1936 791 1995 vigesimo
799 1939 885 1998 quarto
893 1937 934 1985 die
943 1938 1101 1998 phamenoth
1111 1937 1205 1999 mensis,

118 2004 153 2051 ait
172 2017 179 2050 ε
195 2005 279 2053 Solatia
298 2003 341 2050 boc
357 2004 479 2063 ternplum,
495 2006 517 2050 ci
532 2005 557 2049 in
572 2005 648 2052 induo
672 2005 714 2065 qui
726 2009 763 2054 est
774 2018 823 2054 non
835 2007 928 2066 primus
938 2007 1050 2068 mensis,
1062 2007 1108 2055 aed
1120 2008 1208 2056 duode-

117 2074 224 2121 encitnbc
237 2075 307 2133 iiiod3
317 2073 376 2132 quid
387 2072 458 2120 nobis
468 2072 548 2131 potest
558 2074 648 2121 moles·
673 2073 864 2135 cimus3primas
872 2075 939 2123 enim
946 2075 1043 2123 mensis
1052 2077 1123 2136 apud
1129 2077 1207 2137 ,εω-

117 2144 177 2192 tiam
188 2143 347 2191 dubitationis
356 2142 530 2190 aiicrreiliam
538 2142 559 2192 si
567 2156 596 2192 ea
607 2157 648 2194 res
671 2145 720 2193 iios
730 2144 822 2193 dicitnr
830 2145 988 2205 pharmuthi,
1000 2147 1026 2192 ei
1037 2145 1133 2206 incipit
1142 2147 1207 2194 sento

117 2210 259 2271 scrupulum
276 2212 371 2267 renovet,
382 2210 442 2270 quia
451 2213 537 2270 quarta
549 2211 646 2261 decima
673 2212 788 2262 kalendas
800 2214 897 2274 aprilis,
908 2214 934 2263 et
944 2213 1033 2262 finitur
1042 2215 1154 2275 septimo
1167 2215 1207 2262 ha-

116 2279 176 2327 iuua
194 2291 243 2326 nou
262 2278 415 2327 celebramus
426 2279 507 2338 ipsum
526 2280 593 2328 diem
605 2284 646 2330 vel
672 2281 756 2330 landas
772 2282 839 2330 maii.
851 2283 911 2343 lirae
928 2282 1072 2331 meandum
1090 2284 1207 2344 AEgypiias

116 2350 248 2411 passionis,
259 2351 299 2398 vel
315 2349 517 2409 resurrectionis,
529 2351 581 2412 ipsc
599 2353 647 2399 Do·
672 2351 751 2411 primo
767 2363 851 2399 mense
861 2351 1010 2399 celebraturi
1027 2363 1119 2399 snmus
1131 2352 1205 2398 ibmi·

116 2419 199 2467 miuus
212 2431 260 2466 non
277 2418 468 2479 quartadecima
484 2419 542 2465 luna
562 2432 647 2479 passas
672 2419 752 2465 nicam
763 2421 873 2480 pascha,
883 2419 930 2467 hoc
940 2418 992 2478 asi',
1004 2420 1116 2480 sepiimo
1127 2420 1205 2468 kalen·

117 2489 168 2548 esi,
179 2489 222 2537 scd
233 2489 317 2549 quinia
330 2487 438 2548 decima,
451 2489 477 2536 ci
486 2489 591 2548 septima
602 2490 647 2536 de·
672 2488 714 2534 das
725 2490 796 2548 annii,
809 2489 850 2551 qui
862 2490 900 2550 eat
910 2487 966 2537 dies
976 2487 1125 2549 vigesimus
1134 2490 1205 2550 phar·

117 2559 180 2605 ciana
196 2557 342 2605 resurrexit.
353 2557 422 2616 Quod
438 2557 458 2603 si
475 2558 571 2616 movet,
588 2558 645 2616 quia
672 2559 751 2605 mulli
763 2559 864 2606 mensis.

116 2628 228 2686 quartam
240 2626 360 2674 decimam
376 2627 458 2673 lunam
473 2627 646 2687 transcuntes,
702 2626 739 2673 ro.
756 2628 804 2674 itec
819 2627 950 2675 absurdum
967 2627 1092 2691 arbitror,
1107 2629 1136 2677 ut
1151 2627 1204 2675 inde

116 2709 171 2755 ‹puae
194 2696 234 2743 dia
259 2697 385 2742 Dominica
411 2694 510 2754 incidit,
529 2696 575 2742 boc
594 2700 645 2754 esi,
671 2696 1204 2758 observandimensistrabamusexemplum‚

116 2765 306 2824 quartodecimo
318 2764 433 2811 kalendas
445 2765 644 2823 maii,scquenii
672 2765 712 2811 ubi
738 2766 844 2824 pennum
869 2765 958 2825 pascha
978 2765 1140 2813 celebratum
1162 2769 1202 2814 esi·

117 2833 243 2880 Dominicn
261 2833 445 2880 instaurandam
471 2833 643 2880 celebritatem
670 2835 739 2883 Unda
751 2836 776 2882 ei
786 2835 889 2892 maiores
899 2834 976 2882 nostri
988 2834 1015 2881 in
1029 2836 1140 2883 tractatu
1150 2848 1203 2883 con·

115 2901 398 2959 suademus3aucloriias
406 2902 488 2948 exstat
496 2901 643 2958 huiusmodi.
670 2905 721 2952 ciiii
740 2905 843 2965 dicerni,
863 2903 979 2953 eumdem
999 2905 1203 2952 enneadecateri-

147 2969 185 3016 ii.
198 2971 257 3017 llam
268 2970 418 3030 temporibus
428 2970 501 3029 paulo
512 2972 644 3030 superiori·
669 2974 740 3035 dem,
756 2975 842 3034 siquis
860 2974 994 3034 diligenter
1010 2973 1145 3034 intendat,
1161 2976 1203 3022 sta

115 3040 238 3100 bus,cum
248 3039 573 3099 incidisseiquartodecima
585 3041 644 3090 luna
668 3044 787 3091 tuendum
805 3044 935 3102 putarunt,
947 3044 973 3089 ct
989 3042 1076 3102 ipsum
1097 3056 1201 3091 mensem

115 3109 208 3157 rurensis
220 3109 292 3169 primi
312 3109 338 3156 in
350 3109 502 3157 Dominicam
514 3110 595 3171 diem,
607 3124 644 3160 se·
669 3123 787 3159 novorum
803 3113 870 3159 recto
889 3110 1079 3171 custodierunt3
1099 3113 1159 3172 quia
1180 3112 1201 3158 in

114 3181 199 3240 apacati
206 3181 284 3227 aliern
292 3180 417 3227 Dominica
426 3180 549 3227 calcinate
557 3182 644 3228 solem·
668 3180 766 3239 AEpypio
778 3180 823 3226 loc
832 3179 911 3238 primo
920 3190 1006 3227 mense
1016 3191 1083 3227 nova
1093 3182 1201 3227 secantur

114 3248 178 3297 nitas
197 3247 243 3296 cst.
262 3249 412 3307 octogesimo
431 3251 514 3296 antem
531 3249 557 3296 et
580 3261 643 3296 nono
668 3246 806 3295 tramenta:
819 3248 859 3294 bic
871 3250 955 3295 autern
967 3247 1064 3295 mensis
1075 3250 1103 3296 ei
1114 3249 1200 3308 primus

113 3332 176 3366 anile
192 3332 223 3366 cx
242 3318 282 3365 die
300 3318 398 3377 imperii
415 3317 574 3375 Diocletiani,
586 3331 642 3365 cum
667 3316 705 3362 est
722 3314 856 3363 secuudum
872 3314 1041 3375 AEgypiiorurn
1054 3318 1199 3375 proventus,

113 3386 302 3447 quartadecima
314 3386 371 3432 luna
382 3387 446 3432 esset
454 3398 517 3432 nono
526 3385 642 3433 kalendas
667 3385 692 3431 ci
700 3385 795 3444 primus
803 3383 939 3431 secundum
948 3384 1042 3442 Legem
1050 3417 1058 3442 ,
1067 3385 1095 3430 et
1106 3387 1200 3431 ocium

113 3456 211 3514 aprilis,
220 3467 263 3502 noa
274 3453 452 3501 celebravimus
461 3455 551 3515 pascha
562 3455 640 3514 pridie
666 3451 1017 3501 secundumconsuetudinem
1028 3454 1155 3512 riosiram,
1166 3454 1199 3500 ir·

113 3523 228 3571 kalendas
236 3524 328 3584 aprilis.
338 3524 497 3572 Alexandrini
507 3538 603 3585 quoquc
615 3525 641 3572 ci
666 3524 740 3571 dictio
756 3523 823 3570 enim
842 3521 976 3583 septembri
998 3534 1089 3569 mense
1107 3522 1197 3583 incipit.

112 3593 230 3653 AEpypiii,
240 3595 268 3639 ut
279 3593 325 3653 ipsi
337 3593 501 3654 scripserunt,
513 3606 568 3641 cum
578 3593 640 3640 incl-
665 3594 755 3639 Dciavo
779 3591 855 3651 igitur
874 3603 959 3639 meuse
982 3589 1100 3639 kalendae
1120 3590 1198 3651 aprilis

112 3660 189 3711 disset
206 3663 292 3723 quarta
305 3663 400 3710 decima
415 3664 473 3710 luna
485 3662 603 3722 vigesimo
615 3664 641 3709 ct
665 3662 738 3707 surii:
752 3659 839 3719 incipit
850 3660 932 3707 autern
944 3659 1039 3707 mensis
1049 3671 1101 3706 uon
1113 3671 1195 3706 secun

112 3735 197 3782 octavo
208 3733 248 3780 dic
256 3733 405 3793 phamenoth
416 3731 640 3791 mensis,ceici1ra·
665 3727 724 3774 ‹luin
744 3729 869 3786 vulgarem
889 3739 977 3786 mum,
1000 3727 1047 3775 sed
1068 3728 1197 3775 secundun

112 3802 201 3849 cerunt
222 3802 312 3861 pnsclra
331 3802 416 3862 quinta
439 3800 479 3848 die
497 3800 638 3860 pharmuliri
664 3796 1016 3856 consuctudincmperitorum
1028 3797 1060 3845 ab
1079 3799 1198 3858 aequinoc-

112 3873 277 3930 ancnsis,quae
288 3871 325 3918 esi
334 3870 415 3931 pridie
423 3869 538 3916 kalendae
546 3869 638 3929 aprilis,
664 3868 712 3926 tio,
731 3866 773 3928 qui
792 3867 845 3914 dies
861 3868 899 3913 cst
917 3866 1068 3915 duodecimo
1089 3865 1198 3915 luenda

111 3952 140 3985 nc
151 3939 184 3986 sic
197 3951 334 3985 convenere
344 3938 480 3985 nobiscum.
493 3937 585 3984 Rursus
595 3950 639 3984 no·
663 3937 761 3996 aprilis,
781 3937 806 3983 ei
825 3934 910 3982 linitur
930 3933 1066 3984 undecimo
1087 3934 1198 3984 lalanda

111 4008 234 4066 alapesimo
254 4010 278 4054 ct
295 4007 366 4055 tertio
379 4018 465 4053 arriana
484 4004 523 4051 die
540 4005 638 4066 imperii
664 4005 731 4052 irraii.
745 4003 803 4051 lude
824 4002 931 4052 iraaximc
952 4003 1020 4055 inita
1039 4005 1086 4056 hes
1105 4005 1196 4068 tripiida
