2632 4784
386 404 425 454 DE
442 403 682 454 SAGRAMEN'HS
698 407 800 451 hinnu
816 405 849 450 11.
1112 398 1156 461 {25

101 483 139 536 m.
161 487 336 536 Verumtamen
354 501 386 536 ne
404 491 430 537 in
447 492 493 540 hoc
512 492 599 540 saeculo
625 490 762 548 terreretur
772 499 786 534 a
797 483 904 544 Christo,
919 484 940 532 si
954 484 1076 533 Christum
1086 497 1155 533 ama·

70 554 164 603 diahoti
180 555 247 604 treus
261 557 302 604 vel
319 555 412 605 insidiae
425 559 600 618 prevalerent,
625 560 677 617 rel3
693 559 752 604 tunc
769 556 812 602 ille
824 552 901 600 dicit:
912 557 948 600 To
959 556 1154 610 castimoniale,

70 624 200 672 inventum
212 626 250 672 est
261 624 392 684 baptisma.
403 628 439 673 De
447 641 495 687 quo
506 627 599 686 baptis·
626 629 681 687 puio
691 638 744 672 omo
758 627 787 672 tc.
799 622 881 670 'lertio
897 621 975 682 dixit,
986 621 1013 669 ut
1026 622 1099 668 lertio
1111 621 1154 668 ab·

70 695 136 739 mate
148 692 206 738 audi
216 692 276 752 quid
294 692 360 740 dieat
377 693 514 753 Scriptura,
526 695 600 741 immo
625 694 770 740 solveretur.

71 759 146 805 lilius
153 759 406 818 Dei,quiaphariscei
415 762 458 820 qui
470 763 601 809 noluerunt
655 761 693 806 aa.
706 759 945 819 sicergopeccatnm
954 758 1057 806 dimittit
1065 760 1153 817 Pater,

71 824 192 885 baptizari
203 825 322 886 haptiemo
333 827 462 885 iohannis,
473 829 600 875 eonsilium
625 828 689 875 sicul
697 828 800 889 dimittit
807 828 891 886 iilius,
900 827 935 873 sic
944 827 969 873 et
976 827 1155 886 Spiritussanc·

72 892 117 938 Dei
127 895 284 953 spreverunt.
298 895 358 953 Ergo
368 895 515 954 baptismum
524 897 600 944 consi·
626 895 673 942 tus.
685 897 711 941 in
721 907 769 942 uno
778 895 860 941 autem
870 895 969 942 nomine
976 894 1093 954 baptizari
1105 905 1154 941 non

72 960 135 1006 llum
144 962 190 1008 Dei
204 962 250 1008 est.
261 963 356 1019 Quanta
367 964 404 1010 est
413 963 504 1023 matis,
514 963 556 1011 uhi
564 964 601 1011 est
623 963 710 1022 jussit,
731 964 776 1009 hoc
795 963 845 1021 est,
863 963 889 1008 ln
905 963 1003 1010 nomine
1017 962 1111 1019 Patris,
1129 961 1155 1008 et

73 1029 203 1076 consilium
211 1029 275 1076 Dei?
625 1029 1154 1090 Filli,etSpiritussaneti.Nolimirariquin

105 1097 142 1142 le.
154 1096 216 1143 liudi
224 1109 281 1155 ergo
292 1111 299 1144 r
311 1110 369 1146 nam
375 1099 403 1145 nt
411 1099 437 1145 in
447 1098 496 1147 hoe
503 1111 600 1159 quoque
624 1099 689 1146 dixit
706 1111 783 1146 unum
801 1110 906 1157 nomen,
918 1097 960 1145 uhi
979 1099 1016 1145 est
1030 1109 1080 1144 una
1095 1096 1154 1144 soh·

72 1165 162 1212 saeculo
171 1177 251 1212 nexus
258 1166 350 1213 diaboli
360 1168 505 1227 solveretur,
514 1169 601 1215 inven-
625 1167 727 1225 stantia,
747 1179 796 1213 una
813 1165 944 1225 divinitas,
962 1177 1012 1212 una
1030 1165 1153 1223 majestas.

73 1237 125 1282 tum
138 1235 175 1281 est
185 1237 305 1298 quomodo
320 1236 393 1282 homo
406 1236 478 1284 virus
494 1249 599 1284 morere·
624 1235 828 1281 iiocestnomen
843 1233 937 1293 dequo
953 1231 1113 1281 dictumest:
1125 1235 1155 1280 ln

72 1303 128 1359 tur,
137 1303 244 1350 elvisus
254 1304 600 1363 resurgeret.Quidestvivurt
624 1315 669 1362 quo
677 1304 764 1362 oportet
772 1314 850 1349 omres
859 1301 935 1348 coleos
944 1301 1003 1359 lieri.
1015 1303 1042 1347 ln
1050 1301 1097 1348 hor
1108 1313 1154 1348 ne-

73 1368 125 1415 lloc
139 1371 176 1416 esl
190 1371 240 1416 vila
255 1370 363 1429 eorporis
376 1370 476 1427 virens,
489 1383 544 1417 euur
556 1383 600 1417 re·
624 1371 690 1416 mine
702 1381 786 1416 ornnes
801 1370 887 1416 salvati
903 1369 976 1428 estis,
993 1368 1084 1417 redditi
1094 1368 1154 1416 estis

74 1436 139 1483 niret
150 1437 181 1484 ad
195 1436 337 1496 lentern,et
346 1439 498 1496 mergeretur
508 1438 534 1484 in
545 1438 600 1484 ton·
624 1437 768 1497 ademtiarn
779 1438 844 1487 ritoe.
1106 1491 1108 1494 ,

73 1505 134 1550 tem.
155 1505 221 1564 Quid
240 1507 278 1553 est
296 1519 377 1565 aqua,
401 1506 449 1553 nisi
471 1506 502 1552 de
520 1504 600 1552 terrai
654 1506 693 1552 25.
705 1505 797 1553 Clamat
806 1519 865 1566 ,ergo
875 1508 1018 1568 Apostolus,
1032 1507 1096 1555 sicut
1110 1518 1154 1555 eu·

73 1570 164 1619 Satislit
185 1585 241 1633 erpo
261 1573 408 1621 sententiam
431 1573 524 1620 coelesti
535 1574 599 1619 cine
625 1573 694 1621 distis
711 1574 738 1621 in
759 1574 864 1622 lectione
882 1576 996 1635 presenti
1012 1589 1019 1621 r
1036 1577 1153 1636 Quoniam

74 1641 158 1689 mortis
174 1643 280 1701 stupore.
295 1641 365 1699 Quod
379 1642 482 1701 mergis,
498 1642 601 1688 solvitur
624 1644 759 1703 pridemque
769 1643 1024 1702 suprannominatas
1034 1644 1154 1703 Jeruhcp·

73 1709 195 1757 sententia
210 1711 272 1757 iila:
289 1712 363 1757 Terra
381 1725 417 1767 es,
434 1714 455 1757 el
471 1713 496 1756 in
513 1715 600 1757 len-om
625 1713 720 1757 lizolur.
731 1711 793 1769 Quid
804 1712 841 1758 est
851 1712 877 1757 in
888 1710 982 1758 morte?
992 1711 1153 1771 thuomodo

73 1776 135 1836 itir5v
142 1777 243 1837 impleta
253 1778 374 1826 sententia
382 1811 389 1836 ‚
398 1779 465 1825 locus
476 1780 513 1825 est
524 1778 601 1824 hene·
624 1777 732 1825 Christus
743 1779 852 1825 mortuus
862 1779 914 1835 est,
927 1779 963 1824 sic
976 1779 1002 1824 et
1012 1779 1038 1824 tu
1048 1780 1153 1825 mortem

73 1843 130 1891 ficio
140 1846 297 1907 remedioque
310 1847 413 1894 coelesti.
426 1848 486 1904 limo
498 1858 559 1905 aqua
569 1846 599 1892 de
625 1843 738 1902 deroso
759 1858 766 1890 r
783 1845 902 1904 quomodo
916 1845 1026 1892 Christus
1043 1846 1153 1892 mortuus

74 1915 158 1974 terra,
176 1916 324 1975 possibilitas
336 1918 419 1963 aulem
438 1917 495 1963 rito
512 1917 600 1962 nostras
625 1915 662 1960 est
677 1915 791 1972 peceato,
803 1916 828 1961 el
837 1915 890 1960 Deo
901 1914 979 1971 vivit3
992 1914 1026 1960 ita
1039 1915 1064 1959 et
1073 1914 1100 1958 tu
1111 1925 1154 1960 su-

75 1993 125 2029 non
136 1984 277 2032 admittebat
287 1985 316 2031 ut
322 1984 387 2032 terra
398 1984 564 2043 operiremur,
575 1984 600 2030 el
625 1981 762 2038 pericribue
777 1981 901 2028 illecebris
915 1981 1072 2039 peccatorum
1089 1991 1153 2025 mor·

75 2050 176 2098 deterre
184 2065 374 2113 resurgeremus.
381 2052 477 2100 Deinde
484 2054 600 2099 nonterra
626 2051 681 2096 tuus
695 2050 728 2096 sis
743 2063 788 2109 per
798 2049 949 2108 baptismatis
960 2050 1156 2106 sacramentum,

74 2122 153 2180 iavet,
172 2124 214 2171 sed
229 2136 291 2184 aqua
307 2125 387 2182 laral3
398 2123 454 2170 ideo
465 2123 519 2171 lons
529 2124 599 2183 quusi
626 2121 650 2164 et
661 2120 797 2166 surrexeris
811 2131 856 2179 per
867 2119 970 2177 gratiam
980 2117 1078 2164 Christi.
1090 2118 1153 2164 llors

74 2191 200 2249 sepultura
210 2195 255 2241 est.
626 2198 681 2245 ergo
693 2190 743 2246 est,
760 2188 864 2235 sednon
877 2189 904 2234 iu
919 2186 1004 2234 mortis
1021 2185 1153 2248 moralis

297 2258 387 2267 “-
625 2256 826 2314 veritate,sodiu
838 2255 1155 2313 similitudinmeumeuim,

242 2312 369 2364 CAPUT
388 2313 458 2364 VII.
625 2324 728 2382 mergis,
738 2324 824 2370 mortis
832 2325 935 2384 suscipis
943 2325 1111 2385 etsepulturae
1118 2325 1152 2369 sl-

74 2399 600 2453 'inpilchlrrerrognuonuerimmemorum-
625 2392 1152 2451 militudinem:crucisilliusaccipissacra-

96 2458 157 2504 plum
172 2458 195 2495 5¹¹
210 2460 266 2495 urina
279 2460 409 2507 responmne
424 2458 481 2497 Peru
496 2462 597 2500 eorsum
625 2463 749 2518 mentum,
768 2459 833 2520 quod
849 2463 874 2507 iu
893 2473 966 2507 cruce
983 2460 1092 2506 Christus
1107 2471 1152 2517 pe-

93 2509 164 2600 tdlioare
173 2522 224 2549 eum
242 2515 284 2550 lota
295 2512 389 2550 'l'rhritas
397 2518 477 2560 peccalo
494 2515 599 2578 dirnlltal,
624 2529 724 2586 pendit,
736 2530 761 2576 et
771 2530 847 2575 clavis
857 2528 980 2575 confixum
992 2528 1028 2574 est
1038 2527 1091 2584 ejus
1099 2539 1151 2573 001.

119 2564 255 2602 silurorum
262 2575 340 2603 nomen
349 2577 388 2604 csse
396 2567 418 2602 ln
428 2577 471 2613 quo
479 2568 554 2603 salvari
563 2579 599 2607 nos

96 2621 201 2664 oporteat:
210 2621 367 2666 ecquandone
376 2619 487 2656 Chrlsloin
497 2621 599 2668 baptismo
624 2611 677 2656 pus·
689 2599 725 2643 Tu
737 2610 793 2656 “3⁰
807 2611 864 2644 ⁰⁰⁰¹
880 2596 1043 2655 ‘fucifissffl'ssr
1058 2596 1153 2642 emmo

96 2673 276 2717 commoriamur,
291 2676 355 2720 nque
371 2682 480 2720 ungimur
495 2674 518 2712 lo
533 2673 598 2713 vium
624 2665 749 2724 adhaeres,
777 2666 851 2712 elaris
871 2664 968 2711 Domini
993 2664 1069 2711 nostri
1094 2665 1153 2711 lesu

96 2724 211 2762 ²¹⁶¹¹¹⁸¹¹¹2
623 2734 713 2780 Christi
730 2734 853 2792 adhaeres3
864 2745 895 2780 ne
914 2734 939 2780 te
956 2732 1067 2779 diabolus
1076 2731 1153 2792 possit

103 2795 511 2849 aonorroooosrosesrcredlsin
520 2804 598 2850 Deum
624 2801 774 2849 abstrahere.
794 2802 886 2848 Teneat
901 2803 926 2849 te
947 2801 1030 2848 clavus
1047 2800 1153 2860 Christi,

73 2866 168 2911 Patrem
179 2866 385 2925 omnipotentem?
395 2869 598 2931 Dixislircredo,
624 2885 696 2931 quem
713 2872 813 2920 revocat
830 2871 943 2918 humanae
959 2869 1105 2918 conditionis
1115 2869 1154 2919 ln·

75 2933 597 2995 etmersisti,hocesl,sepulluses.lterum
624 2937 734 2986 firmitas.
941 2975 942 2978 η
1204 2931 1209 2937 ’

73 3001 278 3060 interrogatores
297 3016 303 3048 ι
322 3004 404 3050 Credis
422 3007 449 3051 in
467 3006 598 3052 Dominum
655 3005 761 3066 thirgo
768 3008 888 3065 mersisti,
899 3008 989 3055 venisti
1001 3008 1032 3055 ad
1041 3006 1153 3056 sacerdo·

73 3070 182 3115 uestrum
193 3071 275 3116 lesum
286 3070 422 3129 Christum,
434 3075 459 3119 et
467 3073 492 3119 in
502 3085 598 3119 erucem
624 3072 687 3120 tem:
698 3072 757 3133 quid
768 3076 813 3120 tihi
825 3075 903 3122 dixit?
915 3077 992 3131 Deus,
1003 3076 1096 3134 inquit,
1107 3077 1153 3122 Pa·

73 3137 143 3194 elusi
154 3138 261 3186 Dixisti:
273 3139 361 3197 Credo,
372 3142 398 3187 et
410 3140 529 3197 mersisli3
542 3141 598 3187 ideo
625 3140 663 3185 ter
677 3142 831 3199 omnipotens
847 3141 890 3199 qui
910 3142 934 3186 te
950 3143 1105 3198 regeneravit
1119 3155 1152 3189 ex
1227 3185 1232 3194 ,

74 3206 100 3250 el
117 3205 211 3253 Christo
229 3219 256 3254 es
275 3207 432 3266 consepultus
449 3221 456 3254 r
471 3209 513 3265 qui
531 3210 598 3254 enim
624 3220 686 3266 aquo
705 3208 731 3253 ct
749 3208 844 3265 Spiritu
864 3209 962 3264 sancto,
984 3210 1153 3267 concessitque

73 3273 168 3319 Christo
183 3275 358 3335 consepelitur,
373 3289 430 3322 cum
447 3277 540 3322 Christo
559 3289 599 3322 re·
625 3274 669 3319 tihi
681 3277 781 3333 peecata
793 3275 848 3332 lua,
857 3274 910 3333 ipse
921 3275 946 3320 te
958 3274 1031 3332 ungat
1041 3275 1152 3322 inritum

73 3340 160 3398 sursit.
171 3340 251 3389 ‘lertio
262 3343 423 3400 interrogatus
433 3356 459 3390 es
468 3357 475 3388 r
483 3343 565 3389 Credis
573 3344 599 3389 et
624 3343 748 3387 aelernam.
757 3341 819 3388 Vide
827 3341 870 3387 uhi
879 3343 965 3387 unctus
971 3354 1013 3387 es:
1024 3341 1049 3386 in
1061 3341 1151 3401 vitam,

74 3409 99 3454 in
115 3407 230 3467 Spiritum
245 3410 370 3458 sanctum!
385 3411 474 3457 Dixisti
491 3411 598 3468 teredo,
624 3408 717 3467 inquit,
729 3411 855 3456 aeternam.
875 3410 928 3456 Noli
946 3411 1009 3456 hanc
1025 3410 1102 3456 vitam
1113 3411 1152 3457 illi

72 3476 146 3523 tertio
162 3478 280 3535 mersisti3
292 3481 319 3525 ut
331 3479 492 3537 multiplicem
505 3479 598 3537 lapsum
625 3479 681 3524 uitae
691 3478 823 3525 anteierre.
835 3479 910 3526 Verbi
925 3477 1016 3537 gratia,
1031 3479 1052 3526 si
1064 3491 1152 3526 exsur-

72 3545 205 3605 superioris
218 3547 297 3594 aelalls
311 3547 448 3594 absolveret
462 3548 525 3594 trina
541 3559 599 3594 con-
624 3547 664 3602 gat
675 3545 790 3592 inimicus
800 3547 904 3605 uliquis,
915 3547 936 3593 si
948 3548 1009 3594 velit
1019 3547 1065 3593 tihi
1078 3547 1153 3596 fidem

72 3612 153 3660 lessio.
625 3616 691 3660 tuam
712 3613 822 3672 auterre,
837 3616 857 3661 si
873 3617 981 3663 minatur
996 3618 1113 3676 mortem,
1124 3620 1153 3666 nt

102 3679 599 3743 tl.Denrqueutvobisadipramusexem·
624 3682 799 3740 praevaricetur
810 3683 1018 3743 quisquam,ride
1030 3684 1090 3744 quid
1105 3685 1152 3732 eil·

72 3747 154 3807 plum,
164 3751 264 3798 sanctm
275 3752 396 3809 apostolus
407 3751 492 3797 Petrus
504 3751 599 3809 postea-
625 3763 666 3809 gas
677 3763 684 3794 r
696 3750 746 3797 noli
762 3751 854 3810 eligere
873 3751 935 3798 illud
953 3751 980 3801 in
997 3766 1045 3812 quo
1062 3764 1109 3798 non
1126 3766 1153 3800 es

72 3829 144 3874 quam
155 3817 181 3864 iu
197 3819 309 3877 passione
325 3818 422 3864 Domini
440 3819 521 3877 lapsus
532 3818 599 3863 ride·
626 3819 733 3877 unctus,
748 3818 790 3864 sed
806 3818 871 3877 elige
886 3819 948 3866 illud
964 3820 1049 3879 inquo
1065 3822 1153 3868 unctus

73 3885 139 3931 retur
153 3885 297 3933 infirmitate
312 3886 459 3933 conditionis
474 3886 598 3944 humanam
625 3898 666 3945 es,
685 3887 713 3934 ut
731 3887 806 3933 vitam
825 3889 943 3935 aeternam
960 3888 1017 3935 vitae
1038 3886 1153 3946 presteras

72 3952 114 4010 qui
130 3955 203 4002 antea
220 3958 364 4013 negaverat,
385 3956 469 4015 postea
484 3955 512 4001 ut
529 3954 599 4000 illum
626 3954 764 4012 temporali.
774 3955 948 4004 PerChristum
958 3954 1087 4001 Dominum
1097 3964 1152 4000 ures·

74 4021 165 4081 lapsum
182 4022 292 4070 aboleret
310 4023 335 4069 et
345 4023 465 4082 solveret,
479 4022 551 4071 tertio
561 4023 600 4068 in·
627 4023 701 4070 trum.
715 4022 800 4069 tmen.
