2632 4784
378 386 624 432 eeteroetnunt
639 386 773 431 cnissis
789 387 804 430 t.
1092 380 1138 431 m

52 464 87 516 rie
109 468 299 531 reprehensione
317 468 485 518 sirmeedentis
501 482 585 517 exem·
609 470 767 530 qusquisque
777 468 904 528 prudentio
916 481 1001 516 reruni
1013 463 1137 527 requirat!

57 538 91 596 pli
107 538 215 586 nascitur
226 536 374 585 emendatio.
390 538 434 584 Fas
445 536 493 584 tuit
504 539 532 585 ut
542 549 585 596 ps·
609 537 661 583 Uno
670 537 758 584 itinere
767 549 815 584 non
823 537 902 597 potest
913 535 1037 596 perveniri
1046 536 1077 583 sd
1088 538 1138 583 torn

57 605 313 653 rensittectemeutise
327 605 451 652 nostruin
465 618 492 651 re
506 605 585 652 adhuc
610 606 699 664 prende
715 607 837 653 secretum
854 619 860 652 :
877 606 921 652 sed
937 605 989 652 lrssc
1004 605 1137 651 otiosorum

56 683 119 718 nove
128 685 176 719 oon
184 673 284 720 cureret
294 671 422 718 invidiam.
433 673 495 718 tt'um
505 672 585 731 potest
610 674 741 734 disputatio
750 675 801 721 est:
811 686 875 722 nune
886 685 987 734 preces,
998 685 1048 719 uon
1057 672 1138 719 certe·

58 738 131 784 etiem
140 738 210 785 nobis
220 737 307 785 eodem
315 737 426 794 detonsio
436 738 584 796 convenire,
610 741 676 789 minu
686 742 821 789 ederimus.

57 805 78 850 si
89 805 229 865 imitemur,
243 805 309 865 quod
320 805 477 853 meminimus
494 805 586 865 impro·
641 809 678 857 tt.
686 810 780 867 Quanto
788 810 913 858 commodo
922 808 984 857 socri
994 807 1073 856 aerurii
1085 818 1140 854 ves·

56 873 155 922 batum!
610 877 641 922 tri
651 877 785 925 Vestalium
794 879 916 938 virginum
927 877 1084 937 prerogativa
1094 875 1139 922 do·

87 943 111 991 8.
121 943 231 1003 Accipiat
239 942 363 992 eternitas
372 944 453 990 restra
461 941 510 989 etis
520 941 585 1000 eius·
610 944 686 991 tractu
697 943 750 991 esti
767 944 817 991 Suis
829 944 969 1003 largissimis
985 941 1139 1003 imperatori-

58 1009 114 1056 dem
125 1009 244 1071 principis
255 1010 334 1071 tecm,
344 1024 399 1070 qum
410 1011 436 1057 in
451 1022 520 1056 usum
533 1010 586 1068 dig·
610 1009 654 1057 lius
663 1010 811 1071 denegetur,
823 1011 888 1072 quod
898 1009 1034 1071 parcissimi
1043 1007 1138 1067 praesti·

59 1080 114 1126 nius
124 1079 214 1127 trehet.
222 1078 261 1125 Nil
274 1078 316 1124 itte
328 1078 452 1138 decerpsit
462 1090 585 1124 sectarum
610 1078 709 1125 terunt?
726 1080 808 1125 ttonor
820 1081 885 1127 sotus
903 1081 941 1126 est
958 1079 984 1124 in
1004 1077 1048 1123 itte
1068 1074 1138 1123 vetut

58 1145 180 1206 virginum
190 1144 585 1206 privilegiis,repleritnobitibus
609 1147 731 1206 stipendio
743 1148 870 1196 castinus.
881 1148 913 1194 Ut
923 1147 1085 1194 vitrecetum
1096 1155 1137 1190 ce·

58 1215 210 1273 sucerdotis,
232 1213 346 1260 tiemonis
366 1212 512 1260 ceremoniis
537 1225 585 1259 nou
610 1213 654 1272 piti
672 1214 747 1261 decus
762 1215 870 1273 iaciunt,
882 1214 917 1262 ita
931 1213 1026 1271 insigne
1040 1211 1138 1258 ducitur

58 1283 155 1347 timorit
173 1283 308 1342 impensas,
326 1284 353 1330 et
369 1295 414 1343 per
431 1295 516 1329 omnes
533 1283 585 1330 viss
608 1282 721 1329 sacrificii
745 1295 832 1330 secare
859 1281 1013 1330 muneribus.
1041 1279 1139 1326 Nudum

59 1351 156 1411 :stem
165 1351 237 1398 Urbis
245 1351 452 1410 taetumsequutus
460 1351 584 1410 senatum,
608 1349 785 1410 quodammodo
806 1365 896 1399 nomen
916 1349 1079 1397 immunitatis
1101 1360 1140 1395 re·
1194 1376 1196 1380 -

59 1418 122 1465 sidit
130 1418 226 1479 placido
233 1431 273 1466 ose
284 1417 584 1478 delubre,tegitiuscripts
608 1419 724 1479 quirunt;
736 1420 850 1478 quoniam
861 1419 1006 1479 paupertare
1016 1429 1029 1463 s
1039 1417 1140 1476 dispeu-

59 1487 162 1552 isstipiis
175 1488 281 1534 Deorum
299 1488 412 1547 nomina,
423 1481 586 1547 'percontatus
608 1489 648 1537 dio
659 1491 718 1552 tutte
729 1491 889 1552 superisque
900 1491 1007 1549 emptius
1017 1488 1085 1536 teudi
1096 1499 1139 1535 es·

59 1554 97 1604 est
116 1555 264 1615 temptorum
283 1555 405 1616 origines,
426 1555 528 1603 micetius
548 1555 585 1601 est
608 1557 839 1618 rum,tribuuut‚qui
846 1557 940 1617 aliquid
947 1556 984 1603 rei
993 1555 1140 1614 detrahunt3

58 1623 203 1674 conditores.
212 1625 320 1684 cumque
329 1621 585 1684 stissretieionesipse
609 1626 841 1685 sipumen'sncurr
858 1624 1053 1686 politicaedicsts
1064 1622 1141 1682 virsi-

59 1691 216 1750 sequeretur,
224 1691 268 1738 tras
276 1689 385 1738 servarit
397 1691 516 1750 imperi03
526 1701 585 1736 suus
609 1693 672 1741 nitus
682 1695 771 1742 crescit
778 1695 879 1752 merito,
889 1707 946 1743 eum
955 1695 1022 1741 reret
1029 1692 1139 1753 premio.

60 1757 125 1803 enirn
144 1757 233 1818 cuique
252 1770 317 1818 mos,
336 1771 396 1807 suus
416 1759 505 1818 cuique
523 1755 586 1804 ritus
640 1763 678 1809 ti.
695 1763 781 1810 sosine
795 1764 826 1808 ub
841 1763 921 1810 sororii
936 1762 1013 1809 vestri
1031 1760 1139 1820 puritate

59 1827 106 1872 est.
123 1826 207 1873 Varios
220 1827 332 1875 custodes
347 1827 449 1883 urbibus
464 1827 490 1874 et
505 1825 586 1873 cultus
610 1829 814 1889 istscompendis.
826 1830 909 1877 Fiscus
918 1831 1035 1876 bonorum
1047 1829 1141 1888 princi·

59 1904 130 1941 inens
141 1893 222 1941 divine
232 1894 366 1943 distribuit.
378 1895 411 1942 Ut
426 1894 514 1942 enimse
529 1905 585 1939 nas-
610 1910 669 1957 pnm
685 1910 735 1945 non
745 1897 897 1945 secerdotum
909 1897 1019 1956 damnis,
1030 1897 1073 1944 sed
1083 1896 1140 1944 isos

60 1962 188 2022 condires,
199 1963 232 2010 its
243 1964 339 2025 populis
351 1963 436 2011 isteles
446 1962 586 2024 geuiidiri·
610 1967 673 2013 tium
686 1967 771 2026 spoliis
782 1967 907 2025 augeatur.
917 1965 1032 2012 Uitumne
1043 1964 1140 2014 tucrum

60 2029 158 2078 ciuntur.
169 2032 268 2080 Accedit
283 2033 392 2092 utilitas,
408 2045 463 2092 quae
479 2030 585 2078 mxime
610 2035 751 2095 compenset
761 2033 871 2081 invidia?
883 2035 912 2080 Et
922 2033 981 2093 quis
998 2032 1102 2082 avaritie
1113 2031 1140 2080 iu

60 2098 153 2146 homiui
167 2101 230 2148 Deos
244 2101 336 2149 adserit
349 2100 367 2146 ⁸.
383 2101 443 2147 Nem
458 2111 513 2146 curu
523 2100 586 2146 rotie
610 2102 932 2162 morcsrestrosnoneedit‚
943 2101 990 2149 hoe
1000 2099 1140 2148 miseriores

59 2165 139 2215 omnis
150 2167 176 2214 iu
184 2170 267 2228 operto
277 2170 309 2215 sit
319 2201 326 2228 ,
337 2168 402 2217 uude
413 2168 583 2228 rectiusqusm
609 2172 679 2230 suut,
695 2172 784 2232 quibus
798 2170 906 2219 subsidia
921 2171 1005 2219 vetere
1021 2167 1139 2228 decerpto

61 2233 92 2281 de
110 2239 227 2284 memorie
242 2238 315 2297 atque
334 2236 488 2285 documentis
503 2248 584 2283 rerum
610 2240 675 2286 suut.
693 2239 789 2286 Etenim
809 2239 854 2286 suis
875 2237 1076 2297 imperatoribus,
1095 2234 1139 2295 qui

60 2304 222 2352 secundarum
236 2305 341 2366 cognitio
356 2306 427 2352 venit
443 2304 586 2352 numinum?
610 2307 691 2354 alieno
707 2306 842 2366 abstineut,
860 2307 903 2367 qui
915 2306 1033 2354 resistunt
1043 2304 1140 2370 cupidis

59 2371 112 2418 lem
124 2372 145 2420 si
161 2374 230 2434 iones
241 2377 298 2421 setas
308 2373 476 2421 auctoritatem
488 2371 587 2430 religio·
610 2378 668 2436 teti,
679 2377 709 2424 ed
719 2378 795 2426 sotum
805 2377 941 2426 detrahitur
952 2375 1089 2423 emittentis
1098 2374 1138 2420 in·

59 2439 133 2488 nibus
147 2440 233 2502 iaciat,
251 2440 368 2490 servande
387 2441 425 2488 est
440 2440 477 2487 tot
490 2439 587 2487 secutis
608 2444 713 2504 iuriam,
732 2444 798 2505 quod
819 2443 969 2492 desiderium
986 2454 1035 2489 nen
1056 2438 1140 2489 moret

60 2506 135 2568 tides,
147 2510 172 2556 et
184 2510 303 2569 sequendi
310 2510 368 2556 sunt
376 2508 447 2554 nobis
457 2508 585 2568 parentes,
610 2511 753 2560 auferentis.

59 2577 103 2638 qui
113 2580 212 2638 sequuti
226 2581 282 2626 sunt
294 2578 402 2625 ieticiter
412 2590 477 2624 suos.
641 2580 679 2627 te.
691 2581 764 2639 Agros
774 2577 848 2628 etism
859 2577 996 2638 virginibus
1012 2578 1037 2625 et
1052 2575 1140 2626 minte-

89 2647 113 2693 9.
128 2649 228 2693 Romam
242 2658 308 2692 nunc
324 2646 438 2705 putemus
455 2643 585 2705 adsistere,
611 2648 655 2696 tris
666 2648 832 2696 deficientium
848 2648 974 2694 voluntate
990 2646 1082 2706 legatos
1101 2645 1140 2709 usq

59 2714 132 2774 atque
143 2715 182 2759 tris
196 2714 320 2759 vobiscum
335 2724 407 2772 egere
419 2713 584 2760 sermonibus:
610 2731 653 2766 cus
668 2718 783 2765 retentet.
803 2717 850 2763 0ro
867 2729 925 2774 ros,
940 2715 1044 2773 justitiae
1056 2725 1140 2761 sacer-

58 2781 151 2839 Optimi
159 2779 290 2840 principes,
299 2781 380 2840 potres
386 2780 479 2840 paors,
488 2794 587 2830 resere-
611 2787 693 2847 dotes,
704 2785 734 2834 ut
750 2785 822 2833 Urbis
831 2784 919 2833 vestras
934 2784 1008 2830 saeris
1025 2782 1142 2830 reddetur

60 2848 121 2894 mini
132 2860 298 2908 suscensens,
310 2848 403 2908 inques
410 2849 587 2910 mepiusritus
611 2857 705 2916 privata
724 2855 854 2905 successio.
872 2854 972 2901 Dictent
993 2850 1140 2900 testamento
1191 2899 1194 2904 ,

58 2916 170 2964 adduxit.
184 2917 241 2964 Utor
251 2918 391 2966 cerimoniis
406 2918 491 2978 svitis;
504 2931 585 2979 neque
610 2925 703 2985 securi,
721 2925 748 2973 et
766 2922 843 2972 scient
858 2923 904 2970 sub
918 2920 1073 2983 principibus
1089 2931 1140 2968 nou

58 2986 127 3033 enim
143 2985 255 3046 poenitet.
273 2987 359 3036 Virum
370 2989 585 3048 mcomere3quis
610 2993 689 3042 uraris
711 2992 798 3042 stubite
823 3004 878 3040 esse
904 2991 967 3051 quod
989 2987 1140 3050 scripserint.

58 3053 214 3102 liberasum.
232 3054 278 3103 ttic
294 3057 376 3104 cultus
394 3057 420 3104 iu
434 3057 502 3116 leges
519 3070 586 3106 meos
610 3063 722 3111 Detectet
733 3074 776 3109 vos
792 3060 838 3108 ists
855 3059 962 3107 ielieitss
977 3058 1075 3119 generis
1092 3057 1142 3104 hu·

59 3119 330 3182 erbemredepitthsec
341 3123 585 3170 sacraAnnttreteme
611 3131 691 3188 mani,
713 3129 788 3188 coepit
806 3140 885 3175 csusss
904 3127 977 3186 huius
996 3126 1140 3184 exemptum

59 3192 195 3251 moenibus,
212 3204 226 3238 s
242 3193 360 3252 capitolio
371 3193 477 3240 Senones
487 3193 587 3250 repule-
610 3200 741 3247 sollicitare
751 3197 892 3243 morientes.
902 3197 962 3253 Ergo
973 3197 1088 3241 Romano
1098 3205 1140 3240 re·

58 3260 126 3307 runt.
137 3259 172 3306 Ad
187 3260 233 3307 hoe
245 3272 301 3319 ergo
312 3261 406 3308 servata
415 3272 484 3319 sum,
495 3261 523 3306 ut
533 3260 586 3306 tou·
611 3264 876 3327 ligionessubttomune
882 3263 994 3318 jurenou
1001 3258 1142 3320 pertinenti

58 3341 126 3388 seve
137 3329 317 3390 reprehendere
333 3329 421 3376 videro
433 3329 498 3389 quod
513 3328 586 3376 insti·
610 3327 1141 3394 Quodnomenaecipietabtsnosecuturum,

59 3396 177 3444 tuendum
186 3399 299 3456 putetur3
311 3408 365 3444 sera
373 3397 454 3444 tomen
466 3396 587 3444 etcontu-
610 3416 670 3465 quas
681 3402 748 3448 nulia
758 3401 813 3460 tex,
822 3399 905 3446 nultus
915 3410 985 3445 casus
996 3397 1057 3444 iecit
1067 3396 1142 3444 cudo·

59 3464 160 3512 meliosi!
170 3465 308 3513 emendatio
316 3463 458 3512 senectutis·
611 3463 860 3529 csst‘capinntlepsu
869 3466 953 3514 liberti
962 3499 969 3525 ,
978 3466 1057 3514 servis
1065 3464 1139 3514 teste·

90 3535 128 3582 ¹0.
140 3537 200 3595 Et'sso
210 3535 259 3582 (litt
266 3534 365 3595 patriis,
375 3533 423 3580 diis
432 3531 586 3593 indigetibus
611 3541 748 3590 mentorum
757 3538 822 3597 justa
832 3536 958 3585 commoda
966 3534 975 3552 ⁸
986 3547 1035 3582 1101]
1048 3546 1141 3595 pem.

59 3614 145 3662 pacem
163 3615 282 3662 regemus.
299 3603 399 3663 AEquum
414 3601 451 3648 est
468 3599 587 3661 quidquid
608 3621 1139 3640 ...----—-—-

59 3681 145 3718 omnes
165 3671 265 3730 colunt,
285 3684 362 3718 unum
382 3668 474 3729 putori.
496 3669 587 3715 Eadem
633 3668 707 3706 ’ἅνω
719 3666 812 3705 meede
825 3666 872 3704 ¹⁶⁶⁰
883 3663 1143 3712 eros.qursnseussre-

58 3738 426 3797 semanno-110
451 3737 587 3795 eum
613 3717 1141 3824 suscensesessentum:

60 3807 126 3855 idem
135 3808 407 3856 uesmundustnrelsit.
454 3807 480 3854 id
486 3807 589 3854 interest
613 3828 718 3867 monum
729 3825 825 3875 munis·
838 3833 958 3870 summam.
972 3824 1006 3860 vn
1018 3825 1140 3871 musonem

57 3887 594 3906 ····-·····-····-···-·
613 3882 719 3930 aliquem.
734 3884 758 3917 ut
773 3882 825 3929 puts
840 3878 967 3923 tractuum,
980 3877 1086 3922 restium.
1099 3881 1140 3917 etc.

83 3929 204 3976 ἘΡὶῑΙΦΙῑΒ
214 3929 294 3966 Mfr·
308 3941 346 3977 ΜΡ-
357 3929 381 3967 ⁸⁸
394 3940 399 3966 ²
412 3929 488 3974 oenoe
504 3943 546 3990 γαρ
563 3944 589 3973 ro
614 3931 816 3979 itrmoomedspro
827 3930 924 3978 mestum
935 3939 985 3978 qun
996 3928 1142 3966 sacerdotibus

59 3990 174 4037 Νμφφθν,
186 3978 268 4022 Νῖκαι
277 3992 303 4020 τῦ
313 3971 409 4027 Μῑθῐςὲ
423 3989 461 4027 ubi
476 3989 531 4027 utile
544 3991 589 4033 est,
614 3984 744 4022 minimum
754 3982 1026 4030 adtributunusurpsri.
1043 3991 1068 4017 rx
1083 3981 1142 4019 Sue-

60 4044 202 4093 seirrpisus
296 4063 302 4073 ·
615 4034 1070 4093 romanorumqueputamusne
1126 4085 1128 4088 y
