2632 4784
119 393 151 444 7!
500 397 625 446 sancti
643 398 817 444 AMBROSH

120 477 221 529 Domini
239 479 389 542 passionem.
416 478 571 528 seminamus
592 489 649 539 erpo
672 477 1203 540 velutolerarnanducarerat3puaemenim

120 545 206 609 Mem,
216 560 273 596 cum
279 558 335 594 eam
340 545 410 597 reiut
415 547 510 596 mollito
516 549 542 596 et
548 547 648 597 subacto
672 561 721 608 quo
732 549 802 596 corda
813 549 951 606 firmantur,
962 548 1067 596 alterum
1077 548 1201 597 recnun-

121 616 173 664 aolo
193 615 329 664 Dominlea·
353 615 434 663 cornio
457 617 595 677 operimus,
620 617 648 664 ut
672 616 900 676 rat,rlterumnon
912 619 1047 676 acceperat.

120 683 192 744 quasi
203 694 295 744 vapore
305 684 332 732 et
340 694 480 744 compressu
491 685 554 733 sacri
565 697 648 746 corpo-
703 681 756 731 iet.
768 683 857 730 Semeu
867 684 948 729 autem
957 682 1082 741 Christus,
1092 681 1153 742 quia
1163 692 1201 728 ss·

119 752 155 800 rls
170 751 231 801 fides
247 764 275 800 se
285 751 338 812 ipsa
348 752 500 802 disseminet.
518 754 566 812 Qui
581 755 647 802 enlm
671 762 729 799 men
740 751 843 800 Abrahae
854 765 861 798 :
875 752 978 801 Annio
989 753 1051 799 mim
1065 753 1134 799 dicte
1146 752 1200 798 seat

119 820 253 868 crediderit
260 820 352 869 iactum
360 821 485 870 hominem
495 823 540 870 liei
548 822 648 884 iillum,
667 822 848 880 promissiones,
863 824 885 869 et
896 823 979 870 semini
992 821 1050 881 ejua
1060 823 1116 868 lton
1127 821 1198 868 dicits

119 887 332 938 creditmortuum
348 902 402 938 esse
418 903 461 951 pro
473 890 558 950 nobis,
569 891 648 940 credit
670 892 703 938 iit
710 891 1011 950 sanctuariumque
1021 889 1198 945 moinusedrt·

117 958 282 1007 resurrexisse
297 971 341 1019 pro
356 960 440 1020 nobe,
457 961 536 1009 credit
546 961 648 1009 adscen·
671 961 709 1005 eut
720 955 1198 1018 launo:1itseantoitao‚quodeotcirte-

116 1022 183 1072 disse
199 1039 246 1086 pro
262 1027 341 1076 nobis.
364 1028 462 1076 Semino
479 1041 537 1090 ergo
555 1030 646 1090 tidem,
671 1029 716 1074 tos.
726 1027 775 1074 liec
786 1026 865 1073 solum
876 1038 959 1074 semen
970 1027 1007 1073 est
1020 1024 1145 1082 Christus,
1155 1020 1197 1070 sed

117 1103 174 1140 cum
185 1095 337 1153 sepulturam
345 1096 399 1155 ejus
410 1097 540 1145 intersero,
671 1094 745 1142 eliam
763 1095 893 1142 minimum
914 1095 1028 1142 omnibus
1046 1092 1195 1151 seminibus3

148 1161 202 1210 let.
218 1162 261 1210 Vis
276 1164 339 1212 seire
355 1178 456 1225 manum
472 1166 608 1225 Christum,
620 1167 647 1214 et
669 1164 788 1222 quianon
804 1164 872 1212 venit
889 1164 916 1211 iu
931 1176 1020 1223 regno,
1034 1174 1085 1209 nou
1097 1162 1124 1208 iu
1134 1159 1196 1208 dlut-

116 1231 267 1279 semlnatum
277 1233 418 1282 Christum!
430 1237 483 1283 Nisi
492 1248 593 1295 nonam
605 1237 646 1282 iri·
670 1230 725 1290 tiis,
736 1244 784 1279 non
796 1232 823 1278 ln
834 1233 904 1279 istius
914 1232 998 1281 muudi
1011 1230 1141 1290 sapientia.
1151 1228 1196 1275 Su·

116 1300 159 1346 tici
172 1301 256 1350 codena
271 1303 297 1349 io
315 1305 403 1350 mom
420 1305 551 1360 momatur,
569 1304 645 1362 ipsum
669 1300 721 1347 bito
736 1302 820 1347 autem
835 1300 904 1348 uelut
917 1301 989 1347 arbor
1000 1300 1132 1347 sublimem
1147 1308 1195 1344 suar

116 1368 192 1417 mum
201 1358 281 1419 minei
291 1385 300 1418 .·
310 1373 332 1419 ri
342 1375 420 1418 autern
430 1374 548 1418 tumtunm
559 1371 644 1431 suerit,
668 1368 787 1415 verticem
797 1369 923 1428 potestatis
930 1367 1015 1415 eliudit
1022 1369 1065 1425 ,ut
1072 1366 1194 1413 dicamus:

114 1437 215 1487 muln
225 1439 328 1499 {netum
339 1442 436 1500 adferet.
447 1442 508 1500 Ergo
518 1453 568 1488 uon
580 1452 645 1487 erra·
669 1436 717 1485 Sed
728 1436 813 1483 umbro
821 1437 870 1495 ejas
878 1437 1007 1496 concupivi,
1018 1439 1040 1483 et
1047 1436 1103 1483 cedi.
1113 1435 1143 1479 Et
1151 1432 1197 1481 ne·

116 1503 213 1564 rimus,
230 1505 290 1567 qula
307 1506 416 1554 diximus
439 1507 504 1567 quod
524 1507 577 1568 ipse
594 1508 645 1565 iam
669 1505 871 1566 quenteroimul,
890 1506 918 1552 nt
929 1505 1048 1564 arbitror,
1067 1502 1197 1551 uidebatur

115 1572 225 1624 dixerat.
240 1576 283 1624 liat
297 1578 380 1623 autem
396 1578 421 1624 et
435 1588 538 1637 granum
551 1576 643 1636 tritici;
669 1576 694 1620 et
704 1572 791 1633 arbor,
808 1573 834 1620 ei
844 1585 956 1632 granum.
973 1573 1082 1619 Granum
1093 1571 1131 1618 est
1141 1582 1195 1618 cum

115 1643 174 1703 quia
185 1643 311 1693 contlrmat
321 1657 363 1692 cor
371 1645 476 1692 hominis
488 1658 494 1690 :
508 1648 533 1692 et
543 1656 644 1704 granum
669 1641 760 1689 dieitur
776 1655 784 1687 a
801 1644 884 1691 Nonne
895 1642 931 1688 in'o
942 1643 975 1689 eat
989 1641 1051 1699 tilios
1060 1639 1145 1698 roupi
1159 1639 1197 1699 fe·

114 1710 224 1773 sinapis3
240 1714 298 1774 quia
310 1725 351 1761 cor
364 1714 470 1761 hominis
485 1713 604 1762 accendit.
616 1715 645 1760 lit
669 1711 706 1758 lori
712 1711 722 1756 l
733 1711 780 1757 Sed
789 1712 854 1757 inter
864 1711 916 1757 haec
927 1709 1003 1756 verba
1011 1708 1089 1756 crevit
1100 1708 1195 1768 subito,

113 1779 177 1828 licet
196 1781 229 1830 ad
245 1781 327 1830 omnia
343 1782 476 1842 utrumque
499 1782 642 1841 conveniat3
668 1780 817 1828 testantibus
829 1778 933 1835 iudan,
944 1778 1001 1836 quia
1013 1777 1081 1837 qnasi
1092 1776 1195 1823 lutear-

112 1848 214 1899 videtur
224 1850 307 1898 tamen
318 1861 421 1910 granum
431 1850 523 1909 tritici,
541 1863 598 1898 cum
610 1850 641 1899 de
667 1848 733 1895 boris
748 1860 827 1896 ramos
840 1859 889 1894 uon
907 1845 1019 1905 poterant
1036 1845 1194 1905 comprehen-

114 1916 644 1979 ejusresurrectiouetractaturapauisenlm
668 1916 742 1977 dere,
763 1916 873 1964 diceutes
894 1927 902 1960 a
927 1915 989 1963 tinde
1016 1912 1070 1961 lose
1089 1914 1137 1961 isio
1154 1925 1193 1961 ro·

113 1983 160 2032 Del
170 1987 222 2044 est,
231 1988 273 2046 qul
282 1986 312 2034 de
321 1987 383 2034 coelo
391 1986 531 2047 descendit;
543 1986 644 2048 eoquod
665 1985 773 2047 pientio?

113 2054 217 2101 verbum
232 2054 292 2113 liei,
312 2056 338 2102 et
353 2055 541 2103 resurrectionis
557 2067 644 2103 exem·
699 2055 752 2102 leo.
765 2056 873 2101 Granum
882 2052 958 2112 igitur
970 2051 1007 2100 est
1022 2050 1115 2112 tipum
1125 2050 1195 2099 arbor

113 2121 184 2181 plum
195 2123 292 2169 mentes
309 2122 376 2182 alat,
388 2135 455 2182 spem
467 2123 552 2180 acuat,
562 2122 644 2171 firmet
668 2122 705 2171 est
715 2123 835 2182 sapientia
846 2123 891 2175 ain
899 2121 969 2179 cuius
980 2120 1149 2169 [madentibus
1158 2131 1193 2168 rr·

114 2189 231 2237 allectum
244 2202 251 2236 ι
262 2201 363 2247 manum
382 2191 463 2236 autem
484 2190 591 2250 sinapls3
613 2204 643 2239 eo
668 2190 714 2237 mis
730 2191 773 2238 ilie
790 2192 933 2250 nycticorax
951 2189 977 2236 in
995 2189 1134 2248 domicilio,
1153 2187 1193 2236 illc

114 2256 180 2318 quod
189 2257 294 2315 amarior
302 2256 327 2303 et
338 2257 417 2305 acrior
424 2269 504 2304 sermo
512 2258 544 2305 sit
556 2257 586 2306 de
595 2260 644 2306 lio·
667 2271 751 2318 passer
761 2259 890 2318 singularis
900 2259 926 2306 in
934 2257 1050 2317 aedificio,
1060 2258 1104 2304 ille
1113 2256 1194 2318 raptus

113 2325 176 2374 ruini
196 2326 309 2387 passione
324 2340 332 2373 a
349 2329 453 2376 amarior
472 2326 504 2376 ad
521 2327 642 2389 tiendum,
667 2328 694 2374 in
708 2327 865 2387 paradisum,
882 2328 909 2374 iu
926 2339 1007 2374 aerem
1022 2325 1157 2386 rapiendus
1169 2324 1194 2373 et

111 2394 193 2443 acrior
207 2394 238 2443 ad
254 2395 465 2444 commovendum.
485 2397 569 2456 ltaque
588 2409 643 2444 cum
667 2397 760 2455 nutes,
779 2398 832 2444 tuta
843 2397 894 2454 jam
908 2395 966 2443 sede
981 2395 1129 2456 requiescat.
1147 2394 1193 2442 lle·

112 2463 226 2512 eudimus
246 2463 273 2513 et
292 2463 397 2524 legimus
412 2462 537 2523 ieiunasse
558 2464 644 2512 Domi·
667 2466 798 2526 quiescunt
819 2464 893 2512 etiam
912 2465 1047 2512 Potestates
1065 2464 1092 2511 et
1109 2461 1194 2521 Anuell

112 2531 277 2589 nnm,sitisse
285 2531 428 2591 Dominum,
441 2532 587 2592 lacrymasse
596 2532 644 2578 llo-
668 2533 800 2591 coelorum,
818 2535 844 2580 et
861 2532 1008 2593 quicumque
1026 2530 1195 2590 spiritualibus

19 2630 21 2635 ·
111 2600 643 2661 minum,vapulasse1lomiuum,dicentem
667 2602 738 2650 lactis
763 2602 860 2650 evolare
883 2601 1034 2648 meruerunt.
1063 2597 1196 2660 llequierit

112 2681 211 2729 quoque
230 2682 287 2716 eum
306 2668 351 2715 sub
369 2670 480 2727 tempore
497 2669 617 2728 passionis
635 2684 642 2717 ι
667 2669 765 2717 sanctus
774 2668 911 2729 iohannes,
922 2682 978 2716 cum
988 2668 1146 2716 recumberet
1155 2680 1195 2715 su·

114 2738 215 2798 Viqitoie
226 2741 248 2785 et
258 2740 323 2784 orote
330 2768 339 2794 ,
355 2749 385 2782 ne
395 2738 484 2784 iniretis
499 2738 525 2782 in
536 2739 644 2783 enimto-
668 2747 713 2793 per
723 2736 808 2794 pectus
818 2736 891 2794 issu,
905 2735 980 2782 immo
989 2737 1014 2782 et
1025 2735 1077 2795 lpse
1089 2734 1144 2792 eius
1159 2745 1195 2781 ar·

110 2817 181 2864 nens3
200 2804 270 2853 velut
287 2816 360 2851 succo
377 2803 505 2851 amarioris
524 2805 644 2852 sermonis
668 2801 733 2848 boris
755 2815 827 2850 succo
848 2804 918 2851 velut
938 2816 1021 2850 ramus
1041 2802 1194 2850 extenditur.

113 2873 244 2934 increpiti,
264 2872 387 2921 dulciores
402 2873 468 2930 justo
488 2873 642 2932 voluptatum
668 2871 759 2918 llamus
776 2873 813 2919 est
831 2873 931 2930 Petrus,
952 2883 1034 2918 ramus
1051 2871 1089 2918 est
1107 2871 1195 2919 Paulus

113 2942 248 2990 suavitates
276 2942 438 3001 corporalium
466 2943 641 3001 temperamus.
667 2941 801 2998 posteriora
811 2940 971 2996 obliviscens,
989 2939 1016 2987 et
1030 2952 1059 2987 ea
1069 2952 1125 2999 quae
1139 2938 1196 2989 eunt

111 3010 174 3071 lirae
183 3010 226 3070 qui
235 3010 447 3070 seminatgranum
455 3010 559 3071 sinapis,
571 3011 644 3058 semi·
667 3011 748 3069 priora
762 3012 890 3070 appetens.

111 3078 404 3140 natrepnumcoelorum.
693 3077 750 3147 ι486.
760 3079 898 3139 inquorum
906 3077 982 3136 sinus,
991 3076 1196 3138 etquosdamdls·

144 3147 197 3195 183.
206 3148 241 3195 lte
249 3146 419 3207 despiciashoe
427 3146 642 3207 mnumsinapis:
667 3147 821 3207 putationum
829 3161 946 3205 recessus,
955 3148 997 3206 qui
1007 3159 1104 3194 eramus
1113 3148 1195 3207 louge,

112 3217 238 3265 Minimum
248 3219 338 3278 quidem
349 3216 642 3275 eaiomoitusseminilms,
666 3228 711 3263 nos
725 3217 822 3264 scillcet
835 3229 868 3263 ex
883 3215 1026 3263 nationibus
1043 3215 1197 3276 congregati,

112 3285 233 3345 monem
243 3300 296 3333 cum
312 3287 423 3342 moesti,
442 3284 520 3343 majus
536 3285 643 3334 omnibus
666 3298 727 3345 quos
742 3284 785 3331 diu
801 3297 846 3345 per
862 3285 935 3331 inune
947 3282 1031 3331 muudi
1045 3284 1153 3343 procella
1170 3284 1197 3330 ei

113 3353 222 3402 decom.
242 3353 268 3400 sl
289 3365 391 3412 granum
410 3351 501 3412 sinapis
516 3352 642 3411 Christus,
667 3353 739 3400 turbo
754 3352 871 3412 nequitiae
883 3353 1000 3412 spiritalis
1010 3352 1135 3412 minitat,
1153 3352 1196 3400 ad·

113 3420 319 3482 quemadmodum
337 3420 445 3468 cnrtstus
466 3421 509 3467 aut
526 3421 643 3469 minimus
667 3421 753 3467 sumtis
771 3420 893 3467 uirtutum
913 3419 1022 3478 remigiis
1040 3418 1194 3478 advolamus3

113 3490 166 3548 est,
176 3489 220 3538 aui
232 3488 334 3538 cresciti
352 3490 443 3537 Verum
454 3500 503 3535 non
517 3501 561 3548 per
571 3493 643 3538 nutu·
667 3488 838 3535 utnosumbra
847 3488 984 3535 sanctorum
992 3489 1022 3534 ab
1030 3487 1102 3534 istius
1110 3486 1196 3535 mundi

112 3569 181 3617 ram,
192 3556 236 3605 sed
244 3569 289 3616 per
300 3556 406 3616 speciem
418 3569 500 3604 rursus
511 3559 641 3607 excrescit.
667 3556 752 3602 ardore
761 3555 888 3614 defendat,
900 3558 972 3603 certos
980 3555 1092 3602 stationis
1098 3555 1150 3614 iam
1158 3569 1196 3604 se·

113 3627 157 3675 Vis
168 3626 231 3676 scire
249 3624 395 3673 minimum!
415 3627 522 3675 Vidimus
537 3642 602 3685 enm,
621 3631 643 3676 et
667 3626 910 3673 curitatovernantes
922 3639 929 3671 ι
941 3624 1196 3684 eoquodaulmanos·

113 3694 642 3756 nordebebotrpeoiemnequedecorem.Disce
667 3697 705 3742 tra
722 3695 837 3755 gravibus
855 3696 927 3754 ante,
945 3695 1010 3743 sicut
1027 3694 1071 3742 illa
1089 3695 1194 3754 mulier,

113 3767 250 3814 maximum
269 3775 277 3808 a
297 3765 414 3823 Speciosas
429 3764 508 3823 {orme
522 3779 573 3826 pre
588 3766 643 3823 filies
667 3765 782 3812 inclinata
793 3765 913 3823 peccatis,
930 3767 958 3813 ut
975 3777 1059 3825 passer
1070 3765 1196 3825 ereptade

113 3832 243 3881 lominum.
258 3831 355 3880 Etenim
368 3830 411 3878 ille
424 3832 526 3893 quinon
537 3833 643 3880 habebut
667 3835 754 3894 laqueo
773 3834 917 3881 venantium
942 3835 969 3881 in
990 3846 1070 3881 ramos
1095 3831 1196 3881 Domini

114 3904 223 3963 speciem
238 3914 320 3962 neque
335 3901 462 3963 decorem,
481 3901 643 3950 excellentior
666 3904 809 3962 montesque
821 3901 941 3961 migravit.
953 3903 1036 3964 ltaque
1045 3903 1196 3963 antesuper·

114 3969 193 4019 lactus
209 3971 247 4018 est
262 3970 373 4031 inpelle,
392 3971 457 4018 ultra
474 3981 573 4018 omnem
590 3970 644 4030 qlo-
667 3969 722 4018 lluis
733 3969 943 4018 observationibus
953 3970 1025 4030 vani,
1043 3971 1069 4018 et
1079 3969 1147 4018 inani
1159 3970 1196 4016 ie-

91 4081 96 4089 .
114 4037 174 4090 riam
183 4039 560 4104 prophetarum,quosintlrmus
568 4039 642 4088 lsrael
668 4038 745 4088 vitate
761 4038 906 4099 volitantes,
923 4037 1049 4098 nunciam
1064 4050 1109 4100 per
1120 4037 1196 4086 tidem
