2632 4784
374 391 779 445 rnrsnonnnouctlssrs
799 399 817 446 ι,
1004 420 1011 435 ·
1093 385 1139 450 sse

53 474 116 522 ulios
126 484 173 522 non
184 472 271 533 judieii
282 474 366 525 lavore
376 475 512 527 delectatus
522 510 530 539 ,
540 478 584 527 sod
608 479 690 529 nanos
700 479 736 527 itu
751 493 766 528 a
784 478 919 538 maioribus
935 481 1050 531 traditam
1067 485 1139 532 tene-³

53 544 171 603 promissa
187 555 202 591 a
216 543 257 605 te,
271 544 297 593 et
306 545 385 606 petita
400 559 415 595 u
430 548 584 596 moveritate
608 561 678 610 mus,
688 549 717 597 ut
724 548 822 596 Patrem
832 549 930 610 ileum,
941 549 968 598 et
979 550 1066 599 lilium
1085 553 1140 613 ejus

53 613 152 661 illectus
162 625 170 660 ε
180 613 245 660 malo
255 613 321 661 enim
332 616 375 663 tuo
389 612 528 675 corrigatur
543 616 585 675 ju·
609 612 772 677 mimorum,
780 617 806 665 st
813 616 934 679 Spiritum
944 619 1055 668 anetum
1065 630 1141 669 vene·

53 683 134 742 dicio,
150 682 348 744 siquidmovet,
359 686 502 745 priusquam
522 685 585 734 toras
609 685 1142 737 remurclruue'l'tiuitateuiuulusessesttb·

54 752 158 811 prodest
166 772 175 812 ς
184 751 250 800 uude
258 751 310 811 jam
326 753 459 802 revocandi
470 754 538 802 nulla
550 756 585 802 tu-
609 756 719 814 stsutiae,
730 753 880 818 mejestatis,
892 755 1045 806 divinitatis:
1055 758 1082 805 tn
1093 756 1141 806 liud

54 823 133 870 cultas
143 821 191 881 sit;
200 831 275 881 quam
292 820 387 869 laudari
398 834 412 870 a
422 824 462 883 te,
473 823 538 884 quod
554 823 585 871 ab
609 824 708 871 nomine
719 823 797 871 Patris
807 823 834 872 et
843 823 900 872 lilii
911 826 937 873 et
946 824 1053 888 Spiritus
1061 826 1141 875 saneti

53 889 418 952 aliisreprebendatur.ltaquo
428 893 547 941 arbitnnn
558 894 585 941 te
610 890 735 950 baptizare
744 899 799 950 uos,
808 891 1013 951 quomadmodum
1022 893 1141 956 scriptum

55 973 140 1008 eorum
159 973 214 1020 quae
234 959 360 1020 postulas,
380 960 477 1022 rogari3
503 974 585 1023 neque
610 960 647 1007 est
664 972 671 1006 z
689 958 780 1007 Filium
799 959 883 1020 tuque
904 961 1054 1010 costarum
1074 962 1140 1010 l’stri
1177 990 1185 1014 s

55 1032 123 1077 enim
133 1028 181 1089 legi
192 1040 206 1075 a
218 1028 243 1075 te
254 1040 390 1092 mea,qum
400 1042 584 1090 nonnumquam
609 1026 747 1087 suscepisse
764 1039 878 1086 ornem,
895 1029 982 1077 natum
1000 1029 1032 1078 de
1048 1029 1141 1090 spiritu

54 1098 136 1144 tribuo
147 1094 172 1142 in
183 1095 284 1155 vulgus,
300 1095 345 1143 sed
360 1096 385 1143 iu
396 1098 446 1144 tuas
464 1097 585 1145 caleulum
610 1096 693 1144 saneto
701 1097 727 1144 et
734 1097 835 1156 Vimine
845 1097 934 1156 Maria,
944 1100 1065 1160 aequalem
1076 1100 1142 1147 Patri

54 1165 142 1213 venire
158 1164 287 1213 sententies
303 1163 450 1214 desideravi.
470 1165 523 1212 lton
538 1165 586 1212 erit
610 1164 747 1213 seeundum
757 1165 915 1214 divinitatem
925 1168 951 1215 iu
962 1168 1007 1215 liei
1019 1168 1105 1228 torma,
1116 1167 1143 1216 id

56 1235 120 1296 lonpi
132 1233 243 1284 subsellii
259 1232 306 1281 ista
324 1232 444 1290 judicatio
462 1233 489 1279 et
504 1245 585 1294 mora,
610 1233 665 1294 est,
687 1234 796 1283 inomni
815 1235 972 1297 plenitudiue
989 1237 1141 1297 divinitatis,

55 1305 85 1351 nt
95 1303 186 1351 dietum
196 1301 235 1350 est
242 1299 385 1359 antiquitus.
398 1297 480 1346 Facile
491 1298 528 1347 est
539 1300 585 1349 tibi
609 1315 666 1363 quas
680 1303 705 1350 in
717 1304 761 1351 illo
769 1302 918 1363 habitet,ut
928 1305 992 1355 dixit
1002 1307 1143 1368 Apostolus,

55 1373 87 1420 de
98 1371 186 1419 nostris
197 1369 327 1432 iudicaret
610 1373 786 1433 corporaliter;
806 1374 850 1434 qui
869 1375 896 1421 in
910 1387 1014 1435 persona
1036 1375 1143 1424 bominis

85 1441 110 1487 2.
128 1441 177 1500 ligo
194 1440 262 1488 certe
280 1438 329 1486 bue
349 1437 455 1487 invitatu
469 1441 512 1488 tuo
528 1450 586 1501 pro-
610 1441 711 1489 lormum
722 1442 787 1491 servi
797 1442 909 1504 accepit,
921 1444 947 1492 et
958 1456 984 1491 se
999 1444 1144 1492 humiliavit

55 1509 181 1559 deundusu
191 1507 378 1569 putusictuum
389 1509 427 1556 est
436 1508 531 1569 liquido
540 1508 585 1555 ds·
609 1521 687 1571 usque
706 1511 736 1559 ad
748 1512 864 1561 mortem.
1079 1567 1081 1572 .

56 1590 174 1638 comere,
185 1578 212 1626 et
229 1577 367 1625 scrutanter
378 1575 515 1636 discutere,
530 1589 585 1637 que
639 1581 663 1628 5.
685 1581 747 1640 Ergo
764 1583 791 1630 et
806 1581 923 1632 adversus
938 1583 1069 1633 Plotinum
1088 1583 1143 1634 uae

56 1648 217 1708 corripss3ue
228 1643 275 1692 tibi
285 1643 348 1693 vitio
365 1644 464 1693 vertant
473 1656 517 1702 ea,
531 1655 586 1704 quor
610 1648 681 1695 nobis
688 1649 812 1696 sententia
820 1651 876 1698 estc
890 1650 1007 1700 adversus
1014 1651 1140 1712 Apollina-

56 1718 127 1767 nobis
141 1714 273 1776 potueruut
288 1713 416 1773 obrepere.
436 1714 523 1761 llesclo
537 1724 586 1772 quo
610 1727 663 1762 rem
675 1717 757 1763 autem
772 1715 883 1776 legitimo
894 1718 1097 1779 circumspeetl03
1114 1722 1144 1767 ut

57 1788 124 1835 euim
131 1784 212 1841 modo,
223 1782 311 1842 preter
319 1781 492 1840 imprudentia
503 1781 587 1840 ealisi·
612 1783 771 1830 conliteamur
781 1785 847 1832 sicut
856 1786 883 1832 lu
893 1786 940 1834 Dei
954 1785 1031 1834 torma
1042 1786 1106 1834 nihil
1117 1787 1142 1835 el

56 1866 175 1914 neanuae
182 1849 587 1910 meelrcumlundit,unumquem·
611 1851 692 1900 deluit
706 1851 797 1900 dininas
807 1855 902 1902 naturus
919 1855 946 1907 et
963 1854 1140 1916 plenitudinis,

56 1938 105 1986 que
117 1920 258 1971 talluntsua
275 1918 587 1979 scriptu‚etauremprae-
611 1919 646 1968 sic
664 1920 691 1968 ln
702 1920 745 1967 illu
761 1919 839 1968 torma
857 1920 964 1971 hominis
981 1922 1045 1970 nibil
1063 1922 1145 1973 eide·

57 1993 170 2051 toreunt3
181 1992 255 2051 atque
265 1989 295 2038 ut
313 1987 359 2035 tilii
375 1987 450 2035 etiarn
465 1985 588 2036 deluentes
612 1989 696 2048 luisse,
707 1993 757 2051 quo
767 1989 925 2051 imperieetus
937 1991 1144 2052 homojudieare-

57 2061 196 2119 delectant,
214 2060 250 2108 sic
265 2057 341 2107 etiam
351 2056 496 2116 scriptoram
515 2055 588 2104 luds-
611 2060 652 2107 tur
663 2073 669 2106 ι
682 2060 724 2122 qui
732 2059 789 2109 ideo
799 2061 878 2123 senil,
889 2064 917 2111 ut
927 2062 1005 2111 totum
1016 2063 1144 2113 bominem

60 2145 128 2179 cores
144 2142 269 2178 sermones
284 2127 323 2176 sui
341 2126 450 2188 palpant.
462 2126 587 2175 incautius
612 2129 709 2176 salvum
724 2128 824 2178 iaceret.
837 2131 921 2191 lleque
940 2132 1006 2179 enim
1023 2131 1143 2194 decebat,

58 2202 203 2261 plerumque
232 2197 325 2258 aliquid
345 2196 480 2257 promitur,
492 2194 588 2256 aliquid
611 2197 690 2258 utqui
704 2196 842 2259 perlectum
853 2211 914 2259 opus
925 2200 951 2248 in
959 2200 1016 2249 aliis
1027 2214 1142 2251 eonsum-

59 2271 182 2331 nccipitur
198 2267 404 2326 malevolentius,
421 2265 514 2326 aliquid
536 2264 588 2311 exit
612 2265 733 2327 moverat,
756 2265 802 2313 lroc
817 2266 991 2327 imperfectum
1010 2268 1037 2317 iu
1051 2271 1079 2318 te
1090 2281 1144 2318 esse

59 2340 199 2401 ambiguum
217 2351 224 2385 s
242 2338 296 2386 tum
315 2336 375 2397 quia
395 2335 477 2384 alieno
493 2334 587 2382 exaud·
608 2334 751 2404 ¹pateretur3
769 2335 790 2382 si
808 2336 875 2383 euim
894 2335 989 2397 aliquid
1006 2338 1031 2386 ei
1049 2338 1145 2396 detuit,
1164 2380 1167 2387 ,

59 2411 137 2458 nands
146 2408 238 2469 iudicio
247 2419 311 2466 ,uon
321 2417 367 2467 pro
376 2406 457 2453 nostra
469 2403 588 2452 debemus
613 2415 662 2451 uon
672 2404 749 2451 totum
759 2404 865 2453 redemit
875 2418 883 2448 s
894 2406 972 2453 sinon
981 2408 1062 2455 totum
1070 2406 1145 2456 rede-

59 2481 145 2540 magis,
155 2490 229 2541 quam
240 2489 285 2537 pro
295 2476 376 2522 alienu
387 2474 503 2533 opinione
516 2473 588 2521 truti-
613 2472 672 2532 mit,
693 2471 783 2521 ielellit
798 2474 883 2535 igitur,
902 2476 946 2536 qui
962 2475 1028 2524 dixit
1044 2476 1099 2523 ideo
1114 2488 1142 2523 so

59 2549 163 2608 isare,et
171 2547 295 2594 discutere
305 2553 390 2591 omnes
401 2542 589 2603 scrupulosma·
613 2541 760 2602 venisse,ut
769 2545 847 2591 totum
858 2544 983 2592 bominem
998 2545 1093 2593 uisum
1105 2543 1140 2592 ls-

59 2616 209 2665 lcvolentias.
613 2611 689 2658 cerei.
708 2611 756 2660 Sed
771 2612 830 2674 quia
847 2612 984 2674 impossibile
998 2616 1032 2661 est
1049 2613 1145 2661 nsouirt

89 2688 113 2733 5.
123 2685 227 2732 Adsume
241 2684 315 2744 igitur
332 2682 491 2731 benevolenti
507 2683 589 2729 animo
612 2679 689 2739 Μ’,
699 2692 748 2729 nou
757 2681 847 2729 lelellit
858 2694 865 2727 ι
878 2692 935 2740 ergo
945 2681 1003 2741 quia
1012 2681 1047 2728 iu
1058 2680 1144 2739 venit,

61 2766 145 2804 aurem
161 2755 292 2813 versutie,
308 2755 334 2801 et
349 2753 471 2814 pertracta
493 2752 588 2812 onmia,
614 2749 641 2796 ut
651 2750 729 2798 totum
740 2750 887 2809 redimeret,
898 2752 923 2798 et
934 2750 1142 2811 solvumieceret,

60 2835 185 2871 sermones
196 2824 300 2882 vellica;
312 2823 333 2870 si
344 2823 370 2869 in
382 2822 412 2869 iis
421 2833 469 2868 nou
481 2821 589 2870 lonenses
613 2819 691 2867 mlum
703 2821 788 2880 utique
806 2819 929 2881 suscepit,
949 2820 1080 2880 quoderat
1097 2819 1145 2869 bu·

61 2891 198 2951 blandities,
211 2893 236 2940 et
251 2891 359 2940 suasoria
370 2890 459 2949 acrba,
475 2890 519 2938 sed
530 2889 588 2938 iidei
613 2900 692 2938 manas
712 2889 881 2950 perlectiouls.

60 2960 187 3009 sinceritas
194 2961 246 3020 est,
255 2961 281 3009 et
292 2957 452 3009 contessiouis
459 2957 588 3007 sobrietas.
643 2960 665 3007 o.
679 2960 763 3008 ltostro
774 2959 897 3008 sententia
907 2957 1046 3019 huiusmodi
1057 2961 1104 3023 est,
1113 2961 1143 3010 ut

60 3032 248 3090 Notamuppone
259 3029 404 3076 adverbum
415 3026 484 3075 dubii
496 3028 588 3087 pondo-
613 3029 756 3077 meministi.
778 3028 804 3075 Si
825 3029 901 3077 verba
920 3029 1011 3077 alieubi
1029 3033 1143 3090 movent,

61 3099 109 3158 ris,
121 3099 147 3145 et
159 3098 252 3145 tallacis
267 3099 378 3154 stateras;
389 3108 420 3143 ue
431 3095 492 3154 quid
508 3107 551 3153 pro
562 3109 588 3142 sc
614 3108 661 3143 non
678 3096 840 3155 praeiudicant
855 3095 928 3153 tidei3
947 3098 1040 3144 etenim
1052 3110 1145 3144 sermo·

62 3180 114 3213 nense
131 3165 283 3214 adversarius
294 3166 480 3223 interpretetur.
492 3163 549 3210 Esto
561 3165 590 3210 ut
614 3175 670 3209 nem
679 3163 783 3209 dubium
789 3174 859 3208 mens
867 3174 915 3208 non
923 3163 998 3209 dubio
1006 3163 1146 3222 obumbrat,

61 3235 213 3294 revincatur,
225 3235 245 3281 si
260 3233 374 3294 corrgredi
386 3231 490 3291 eoeperit
500 3245 506 3276 :
518 3231 590 3278 llnrrr
614 3231 758 3279 etdeieudit
769 3233 870 3291 alnpsu.

61 3316 90 3353 su
100 3313 185 3350 unser
195 3302 274 3361 liber,
287 3301 329 3361 qui
341 3300 395 3348 siue
406 3300 530 3347 adsertore
541 3312 590 3346 uon
644 3301 668 3346 l.
688 3300 745 3346 llaec
763 3300 847 3347 teeusn
864 3298 1027 3360 prolusimus,
1045 3312 1100 3360 qenes
1117 3301 1144 3347 tn

61 3371 211 3421 detenditur.
225 3371 278 3430 lpse
287 3370 363 3430 igilur
374 3380 418 3428 pro
428 3381 454 3416 se
466 3369 589 3427 loquatur,
615 3368 690 3416 libros
700 3367 837 3416 nostrarum
849 3369 1007 3436 epistolarum
1022 3367 1142 3426 tuleram,

61 3442 103 3503 qui
114 3438 224 3500 procedit
233 3440 286 3487 sine
297 3436 448 3498 interprete:
458 3438 590 3484 uosterbic
614 3438 634 3485 si
647 3440 742 3497 placet,
753 3438 827 3498 atque
838 3439 863 3485 in
874 3448 1146 3506 numerumrepouom;

62 3515 144 3558 tamen
162 3521 211 3556 non
227 3508 368 3568 egredietur
383 3520 397 3554 a
412 3505 497 3564 nobis,
512 3506 560 3553 nisi
576 3517 590 3552 a
615 3510 643 3555 ut
658 3510 700 3555 tuo
711 3507 913 3556 commendentur
925 3507 1039 3570 nomine,
1056 3508 1083 3560 et
1095 3507 1146 3556 tuis

65 3582 90 3625 tu
101 3577 226 3637 acceperit
241 3577 422 3624 alletoritatem.
439 3576 523 3636 lisque
534 3588 589 3623 cum
614 3576 645 3623 ad
656 3589 715 3634 nos,
726 3578 752 3622 et
764 3575 891 3623 nostrised
903 3588 945 3624 vos
955 3569 1047 3623 litteris
1057 3572 1148 3636 auges·

64 3657 120 3692 curu
132 3645 179 3692 tide
191 3647 232 3692 tua
243 3643 342 3704 prodire
353 3643 470 3700 iusseris,
481 3644 590 3690 commit·
615 3646 655 3692 tur
665 3646 764 3692 mutuus
780 3656 847 3690 amor
856 3657 900 3704 per
910 3643 1042 3691 Dominum
1054 3657 1061 3690 z
1074 3647 1101 3691 ut
1113 3645 1147 3693 ita

64 3714 199 3762 tctursibi.
616 3712 890 3774 legas‚qu0djudices;
908 3715 933 3761 et
948 3711 1014 3773 quod
1024 3715 1146 3772 moverit,

95 3781 118 3827 t.
129 3784 221 3830 'lamen
231 3784 346 3844 quoniam
358 3787 437 3837 osonio
446 3787 591 3839 rersuonoest
614 3783 706 3830 scribas
721 3782 820 3829 uduo:
833 3793 911 3829 unos
921 3792 989 3829 uum
1003 3792 1077 3830 nesus
1086 3792 1144 3829 cou·

64 3865 161 3909 repnum
171 3854 216 3899 Dei
221 3884 231 3910 ‚
241 3852 284 3899 sed
296 3853 320 3898 in
331 3852 421 3899 virtute
431 3866 438 3912 ;
450 3854 552 3898 uerbum
570 3853 590 3900 si
615 3851 704 3898 stantia
714 3850 841 3912 probatur.
852 3849 992 3908 Placetiam
1002 3850 1067 3910 quod
1077 3849 1143 3898 seui·

64 3918 336 3979 oilenderit,virtutem
346 3920 503 3980 professionis
514 3920 591 3965 iuter-
615 3917 660 3964 bus
684 3930 731 3965 usu
761 3917 858 3965 iacilius
879 3918 929 3977 est,
954 3917 1096 3977 quotidiano
1120 3919 1147 3969 et
1202 3910 1207 3918 ’

64 3988 156 4046 rogato.
168 3987 287 4036 Proicssio
298 3990 379 4035 autern
398 3988 454 4034 iudei
469 3988 591 4036 sententia
610 3986 1140 4055 ’Τ-“’““““““““””“““““

432 4055 437 4065 ,
668 4018 686 4054 ic
696 4019 803 4066 intellige:
814 4018 938 4065 impossibile
950 4020 979 4055 esi
992 4016 1035 4054 ileo
1044 4020 1066 4052 ut
1081 4021 1149 4065 mena

65 4055 498 4114 estonamadversuanabcllmnos
513 4060 591 4122 eltr-
616 4071 682 4107 ιῑιιιιι
928 4088 931 4093 ·

175 4124 198 4169 l.
1020 4118 1047 4161 25
