2632 4784
364 373 602 421 aristobulum
617 376 753 424 classis
770 380 792 428 l.
1086 376 1132 426 583

47 451 148 499 levatur
158 464 218 513 osu,
229 453 381 503 sustentatur
397 457 461 517 otio,
472 459 515 505 aot
532 456 577 504 tal·
603 459 728 519 aliquibus
735 460 855 520 aduersis,
865 456 890 509 td
901 472 1010 523 ammos,
1021 457 1053 511 ae
1062 462 1133 511 nobis

48 520 214 580 titurneqotio
226 535 234 569 r
245 534 295 570 non
307 525 578 573 oneraturmundisol-
603 530 685 576 nostro
705 528 768 578 vitio
790 529 894 579 adversa
911 532 1033 580 accidant.
1057 533 1132 581 Narro

47 589 195 651 licitudine‚
210 604 259 640 noa
276 595 412 652 occupatur
426 593 515 642 alienis
525 607 578 642 mo-
602 604 670 641 emm
680 596 778 654 maius
788 597 870 645 alieno
880 598 1058 647 condemnatur
1066 599 1133 658 judi·

46 659 127 707 lestiis
134 692 142 718 ,
149 672 199 708 nou
204 662 411 720 orgetororbanis
416 662 576 712 discursibus.
603 663 654 722 cio,
665 676 738 724 quam
749 665 869 726 insipiens
879 678 931 726 suo,
938 668 979 727 qui
990 668 1037 716 sibi
1046 669 1132 716 auctor

77 727 117 775 aa.
130 729 192 776 iloic
204 730 244 776 rel
255 731 388 789 servando,
399 732 440 779 rel
452 731 577 779 edocendo
602 733 640 779 est
656 731 786 780 maiorum.
806 735 877 782 Unde
895 736 997 783 molesto
1014 737 1040 784 et
1057 737 1131 798 plena

46 797 145 845 muneri
171 797 299 845 advertitis
319 799 402 858 quotis
422 799 577 847 adhibendus
602 796 768 848 contentionis
785 801 1063 863 declinemusneqotta‚
1076 815 1132 863 quae

46 866 164 926 magister
174 867 220 926 stt,
231 880 305 927 quero
314 869 424 928 reperire
434 881 576 930 possumus,
602 876 682 924 neque
695 866 800 915 fructum
812 868 919 930 babent,
931 871 956 918 et
967 870 1132 931 impedimen·

47 934 68 981 si
88 937 168 982 vestra
186 937 337 985 unanimitas
353 937 474 998 adspiret,
494 938 513 985 si
533 951 576 986 uos
603 934 654 979 tum
665 933 949 997 adferuntourmqnam
960 938 987 985 ld
1003 950 1075 998 agere
1086 939 1131 986 de-

45 1003 144 1052 douetis
153 1004 259 1053 invicem
268 1006 352 1066 robis,
363 1007 448 1066 siquis
458 1007 488 1054 ab
499 1008 575 1055 attero
602 1001 702 1062 bemus,
714 1017 745 1052 ne
756 1018 800 1053 nos
811 1007 906 1054 arbitrii
916 1009 991 1055 nostri
1001 1008 1133 1068 poeniteat,

47 1086 74 1119 se
85 1074 170 1121 laesum
181 1076 260 1134 putat.
271 1075 323 1123 Non
335 1076 402 1124 enlm
413 1077 466 1124 baec
476 1076 527 1123 sola
538 1079 576 1123 est
601 1073 645 1119 sot
658 1072 716 1121 iacti
733 1087 739 1120 :
755 1076 883 1123 Prudentis
895 1078 932 1124 est
950 1077 1018 1123 enisu
1035 1076 1131 1136 prospi-

47 1139 125 1188 torma
134 1138 251 1201 iustitia,
261 1143 290 1190 ut
300 1154 349 1190 noa
364 1143 438 1190 ladas
448 1154 520 1201 eum,
532 1143 575 1203 qui
602 1152 672 1199 cere,
682 1154 715 1188 ne
726 1142 868 1203 frequenter
879 1155 935 1191 eum
946 1146 1064 1203 poeniteat
1074 1144 1131 1204 suia
1221 1189 1224 1196 .

47 1209 73 1256 te
83 1222 132 1257 non
141 1211 245 1270 laeserit3
255 1212 381 1259 sedetiam
393 1212 449 1269 illa,
461 1214 489 1259 ut
500 1211 575 1258 etlam
602 1218 733 1270 numquam
745 1212 811 1259 enim
819 1213 939 1272 poenitere
948 1215 1022 1261 solius
1031 1214 1130 1262 estDel.

45 1278 71 1325 ei
90 1280 214 1339 remittas,
232 1281 275 1340 qui
294 1281 319 1328 te
335 1280 434 1328 laeserit.
453 1279 577 1327 badimor
601 1278 661 1335 Quis
671 1291 729 1326 vero
738 1279 842 1337 iustitia
852 1281 961 1342 tructus,
975 1283 1023 1330 nisi
1040 1283 1131 1332 mentis

46 1347 192 1409 pierumque
205 1349 291 1397 lraude
301 1350 416 1407 alterius,
428 1347 576 1408 doloproxi-
600 1348 779 1407 tranquillitas!
790 1351 837 1396 tut
845 1350 905 1409 quid
914 1351 952 1399 est
961 1352 1026 1410 lusio
1034 1353 1130 1410 rivere,

47 1417 82 1463 mi
94 1430 101 1463 ε
113 1419 232 1478 numquid
241 1419 287 1465 boc
296 1418 397 1466 virtutis
408 1419 536 1477 putamus,
547 1421 575 1464 ut
600 1414 649 1461 nisi
666 1428 722 1463 cum
739 1419 918 1478 tranquillitate
936 1419 1036 1468 vireret
1046 1421 1132 1479 Qualis

46 1486 130 1536 dolum
143 1487 197 1535 dolo
209 1488 370 1546 ulciscamur,
386 1486 498 1534 fraudem
510 1485 575 1534 reto·
601 1485 677 1531 torma
688 1485 764 1535 tuerit
774 1487 880 1547 domini,
892 1488 949 1535 talis
959 1489 1131 1538 totinsdomus

45 1563 128 1601 ramus
137 1552 386 1603 traudibosilitenim
394 1554 414 1601 si
420 1553 517 1614 institia
525 1554 575 1600 vir·
600 1555 637 1600 est
654 1555 739 1603 statos.
756 1555 861 1614 Quodsi
880 1556 964 1605 domui
985 1561 1130 1618 quaeruntur

46 1623 145 1682 tmesi,
160 1623 262 1671 crimine
277 1624 352 1671 debet
361 1635 464 1680 uacare,
474 1635 520 1670 nec
529 1622 575 1669 im·
601 1621 660 1679 ista,
678 1625 771 1681 quanto
789 1624 866 1685 magis
880 1626 905 1670 ln
917 1625 1025 1672 Ecclesia
1036 1659 1043 1684 ,
1053 1627 1096 1673 obi
1105 1630 1128 1674 et

46 1693 194 1752 probitatem
207 1693 364 1751 improbitate
376 1690 500 1738 retollere.
515 1691 574 1748 Quae
599 1691 659 1737 disce
669 1694 690 1736 et
705 1706 808 1750 pooper,
823 1706 901 1740 serras
914 1694 1017 1750 cillica,
1031 1695 1130 1741 Graecus

47 1762 115 1808 enim
132 1761 211 1806 uirtus
222 1760 267 1806 boc
278 1771 292 1805 a
302 1760 327 1807 te
338 1759 408 1816 deri,
426 1758 492 1817 quod
503 1758 528 1804 in
539 1758 576 1803 ai·
600 1760 621 1803 et
632 1759 731 1815 Scylla,
747 1760 875 1808 bonoratur
885 1763 907 1807 ct
914 1761 1030 1820 plebeios,
1050 1773 1129 1808 omnes

47 1830 102 1877 tero
113 1828 165 1888 ipso
176 1825 278 1889 punias!
288 1827 403 1887 coempto
418 1826 466 1873 ista
482 1826 576 1885 impro-
601 1828 624 1870 io
634 1826 724 1873 cbristo
734 1841 808 1874 ouum
819 1827 918 1876 monesi

48 1898 133 1946 bitatis
150 1910 198 1945 non
215 1897 277 1945 ultio
293 1895 332 1944 est
343 1907 350 1941 a
362 1894 425 1942 nibil
441 1896 524 1942 autern
537 1894 575 1940 tn·
631 1894 669 1941 86.
678 1896 754 1942 ltemo
765 1898 913 1956 prasumat,
925 1895 983 1957 quta
993 1895 1064 1946 dives
1074 1899 1127 1959 est,

47 1968 124 2016 teresi
132 1967 176 2016 eui
187 1965 327 2021 malefacias
336 2000 345 2026 ,
355 1966 438 2013 utrum
449 1965 528 2024 justo,
544 1976 575 2010 an
600 1964 655 2022 plus
663 1964 711 2011 sibi
725 1964 895 2013 deterendum.
912 1968 955 2014 llle
967 1968 1004 2014 est
1021 1967 1128 2016 diresin

47 2037 152 2096 iniusto,
166 2049 223 2085 cum
234 2036 259 2083 te
270 2034 417 2083 malefacere
435 2045 485 2080 uon
503 2045 575 2093 opor·
602 2033 723 2093 Ecclesia,
734 2034 835 2094 quidde
847 2033 1128 2097 dioesest3bdelteni1u

47 2109 107 2154 teat.
129 2106 212 2167 Neque
229 2105 304 2158 balat
318 2103 439 2164 quomodo
454 2103 575 2160 maliquus
600 2102 665 2150 totus
675 2102 781 2151 mundus
792 2104 935 2152 divitiarum
949 2107 996 2153 est.
1005 2105 1070 2164 Quld
1080 2107 1130 2153 mi-

46 2176 95 2233 sis,
113 2176 195 2223 utrum
210 2172 353 2223 vindicandi
369 2169 464 2229 studio,
475 2179 506 2217 un
518 2171 575 2217 uolo
600 2183 654 2218 rum
671 2172 691 2219 si
709 2173 828 2220 mnndum
849 2173 930 2222 tidelis
946 2175 1068 2235 possidat,
1084 2176 1128 2236 qul

47 2244 167 2303 nocendi3
188 2256 243 2291 cum
262 2241 402 2302 malignitas
421 2240 447 2286 in
468 2240 574 2298 unoque
599 2239 708 2298 possidet
717 2242 806 2290 Christi
816 2242 995 2305 hereditatem,
1004 2257 1059 2305 que
1070 2256 1129 2304 pre⁴

47 2309 573 2374 generenoacareatreprehensione.Nam
601 2308 684 2356 tiosior
704 2311 741 2358 est
764 2310 869 2358 mundet
886 2315 1004 2373 Senoniae
1029 2316 1129 2374 pretioso

47 2381 183 2442 malignum
194 2393 248 2429 esse
258 2381 289 2427 ab
302 2380 394 2438 iniusto
408 2377 472 2425 nibil
484 2377 573 2436 distat3
600 2379 695 2425 redemti
705 2381 770 2436 calb,
783 2379 896 2427 omuibus
907 2381 992 2440 ulique
1003 2394 1051 2429 non
1070 2383 1128 2429 solis

48 2449 154 2509 ideoque
166 2448 212 2496 tibi
223 2447 365 2495 dictumest
376 2459 383 2491 ε
394 2447 449 2493 itolt
459 2447 575 2505 motiones
600 2449 737 2506 pecuniosis
748 2450 842 2497 dietum
853 2452 899 2498 est.
910 2451 959 2499 Sed
973 2451 994 2499 si
1003 2451 1078 2499 vultis
1088 2452 1128 2499 di·

45 2534 93 2568 cssc
110 2522 170 2566 inter
186 2520 441 2578 testimoniumque
452 2516 575 2562 aemulatos
600 2516 664 2563 vitos
676 2530 729 2565 esso
737 2552 745 2578 ,
754 2520 887 2580 sequimini
898 2520 1023 2568 dicentem
1033 2523 1128 2569 :Sancti

47 2587 121 2646 {oens
138 2588 248 2644 {odcatcs
265 2586 429 2644 imquitatem,-
456 2582 482 2629 et
501 2593 575 2641 supra
600 2587 624 2630 in
644 2587 709 2632 eolat
725 2591 898 2635 conversatione
913 2591 991 2636 estote.
1003 2589 1054 2635 Non
1070 2589 1128 2636 sotis

48 2656 113 2704 idem
122 2654 516 2712 ait:0dioboboicoaqreqotioaern
523 2665 576 2698 rno-
599 2652 718 2702 divitibus
726 2655 800 2714 dicit,
811 2656 854 2703 sed
864 2657 979 2704 omnibus
987 2669 995 2716 ς
1003 2658 1060 2716 qnia
1072 2658 1126 2705 sino

46 2725 196 2784 liquentiam.
216 2722 306 2769 Omnes
321 2722 408 2780 utique
431 2721 575 2780 complexos
599 2723 1127 2784 discriminepemonammjudicatotbonius

48 2794 102 2851 ost,
113 2793 208 2839 nullum
220 2790 319 2851 excepit
330 2804 338 2837 a
350 2791 529 2850 malignitatem
538 2791 573 2837 to·
600 2794 668 2839 testis
680 2793 733 2850 ejus
744 2795 872 2853 Apostolus
883 2795 957 2840 dicit:
968 2796 996 2842 ut
1007 2793 1062 2842 ideo
1077 2807 1126 2843 non

47 2863 115 2922 nuit,
128 2874 176 2909 non
188 2873 285 2909 causam
303 2861 472 2918 interrogarit.
599 2862 796 2921 intromissione,
808 2874 855 2909 non
871 2862 1019 2924 intestimo,
1036 2876 1085 2911 non
1100 2865 1139 2952 lup

77 2930 116 2980 81.
128 2932 187 2989 Qua
204 2933 286 2978 autem
305 2931 392 2977 melior
408 2931 485 2976 torma
500 2940 571 2989 qoam
598 2933 747 2980 exaltatione
765 2933 845 2980 cordis
856 2946 863 2978 e
875 2933 917 2981 sed
928 2936 953 2980 ia
972 2935 1054 2981 timore
1062 2966 1072 2991 ‚
1089 2935 1139 2981 inv

45 3001 149 3060 justitia
160 2999 264 3048 diuinae?
271 2999 337 3047 Dicit
347 3000 413 3047 euim
423 2998 468 3046 Dei
480 2998 571 3045 Filius:
598 3002 659 3061 quil,
666 3002 708 3048 laec
720 3003 832 3050 incolatus
842 3006 914 3050 vestrl
923 3005 1023 3062 tempore
1034 3017 1126 3051 convcr-

47 3074 140 3133 Ditiqilc
148 3073 356 3119 inimicosocstros.
365 3071 394 3116 iit
403 3069 571 3115 iteromdieita
597 3072 692 3117 semini.
704 3070 811 3128 Tempus
819 3070 949 3128 accepistis
961 3071 1006 3116 bec
1017 3071 1125 3129 interra,

46 3144 117 3192 Orate
131 3154 176 3201 pro
190 3138 375 3201 persequentibus
389 3140 411 3183 ct
426 3138 573 3182 colamuion-
598 3147 646 3181 nou
661 3137 852 3193 perpetuitatem
870 3136 936 3194 :ipsi
948 3139 1058 3194 tempore
1072 3139 1126 3184 uta·

47 3209 173 3256 liburnos.
192 3208 303 3264 Eousqrm
325 3202 443 3262 perlectis
464 3200 572 3247 studium
598 3201 673 3259 mini,
685 3201 727 3260 qut
738 3201 821 3247 sciatis
833 3201 1038 3259 vosmigraturos.

46 3277 134 3324 adimit
142 3275 255 3332 ultionis,
265 3270 572 3320 utlsedeutiumcaritstem
627 3270 666 3316 87.
676 3270 756 3316 Nolite
771 3270 797 3316 in
809 3269 904 3318 diuitiis
921 3269 1057 3330 conlidero3
1068 3272 1126 3332 quin

46 3344 161 3404 imperet.
172 3340 319 3401 litquoniam
329 3337 574 3396 inveteriscriptnra
598 3338 678 3383 omnia
698 3338 740 3384 illa
760 3338 800 3384 bic
815 3339 1006 3398 relinquuntur,
1022 3340 1072 3386 sola
1082 3353 1126 3388 uos

46 3412 162 3460 dixerat:
175 3412 234 3459 Milli
251 3410 391 3465 vindictam,
411 3411 432 3455 el
450 3419 490 3466 epo
506 3408 574 3453 retri-
599 3406 755 3454 comitabitur
770 3407 838 3454 tides.
854 3407 905 3454 Erit
918 3418 976 3454 sane
989 3408 1063 3454 etiarn
1073 3407 1126 3467 jus·

48 3483 133 3539 mom,
152 3480 178 3527 in
196 3477 329 3538 Evangelio
342 3476 377 3522 sit
394 3475 512 3523 orandum
530 3486 572 3533 pro
599 3475 651 3523 titia
663 3477 778 3533 comos,si
792 3476 851 3524 fides
862 3476 1071 3536 pretiositQuid
1081 3490 1124 3526 ros

48 3552 80 3597 iis
88 3551 130 3611 qui
139 3549 261 3607 taeserint;
271 3560 302 3595 ne
313 3546 338 3592 in
348 3557 389 3591 eos
397 3544 521 3602 vindicet,
531 3544 572 3603 qui
599 3546 698 3604 palpant
709 3545 817 3592 divitie?
827 3548 881 3593 lton
890 3559 950 3593 euro
966 3546 1002 3593 oet
1011 3549 1109 3607 orqcnlo
1116 3580 1124 3605 ,
1204 3603 1206 3605 ¹

47 3619 222 3667 vindicandum
243 3616 355 3677 promisit
367 3628 373 3660 ι
387 3615 439 3662 vult
458 3615 524 3661 euim
541 3627 571 3661 ex
599 3626 645 3660 non
657 3615 863 3674 possessionibus,
882 3626 930 3661 non
944 3613 1031 3662 soricis
1049 3616 1125 3663 resti-

47 3690 88 3735 tua
99 3690 223 3736 dimittere
235 3686 376 3743 uoluntate,
388 3685 413 3732 iu
425 3695 474 3743 quo
486 3697 517 3729 ex
529 3696 572 3731 sua
599 3683 656 3742 bus,
674 3684 701 3729 dc
718 3697 781 3731 oona
799 3686 876 3731 oestro
894 3685 1069 3732 cooomsolloac
1086 3699 1125 3732 re·

47 3758 194 3805 convenitur
204 3756 374 3818 promissione.
391 3754 461 3812 Quod
479 3755 500 3800 si
519 3755 573 3801 vin·
598 3754 668 3801 demit
678 3754 730 3800 estis
742 3768 750 3799 .·
761 3754 799 3800 sed
808 3755 1028 3813 pretiososooquiue
1038 3752 1126 3800 corsis·

47 3827 138 3874 dictam
157 3827 276 3885 requiris,
296 3824 372 3872 habes
388 3823 447 3884 quia
468 3822 574 3880 injustus
598 3823 662 3868 lesu.
685 3820 728 3866 llle
748 3831 804 3877 ergo
823 3818 893 3866 dives
911 3820 966 3878 est,
986 3817 1028 3877 qui
1050 3817 1125 3866 tuerit

42 3893 208 3953 *ampliuscule
216 3891 492 3953 ponitoropinlooibus‚
501 3904 573 3952 quam
599 3889 677 3937 boenes
685 3887 834 3948 Dei,Clrristi
845 3887 1019 3935 canoreslloll
1030 3898 1125 3945 paupe·

44 3960 185 4027 judiciariis
194 3961 374 4009 severitatibus.
599 3972 651 4007 rem
662 3960 832 4016 contemnere,
844 3957 886 4004 ille
898 3960 922 4005 te
940 3957 1044 4004 divitem
1055 3955 1124 4002 iecit.

77 4033 118 4082 85.
126 4031 156 4138 ΕΞ
164 4030 278 4092 quoniam
288 4042 361 4080 nemo
369 4031 508 4092 potestesse
520 4029 573 4080 sine
599 4028 651 4077 ltoli
675 4031 789 4088 oqorrtern
809 4025 920 4074 lastidira
943 4039 949 4073 e
972 4026 1017 4135 ¹⁸2¹}
1037 4036 1127 4085 poopm
