<?xml version="1.0" encoding="UTF-8"?>
<!DOCTYPE html PUBLIC "-//W3C//DTD XHTML 1.0 Transitional//EN"
    "http://www.w3.org/TR/xhtml1/DTD/xhtml1-transitional.dtd">
<html xmlns="http://www.w3.org/1999/xhtml" xml:lang="en" lang="en">
 <head>
  <title>
</title>
<meta http-equiv="Content-Type" content="text/html;charset=utf-8" />
  <meta name='ocr-system' content='tesseract 3.04.00' />
  <meta name='ocr-capabilities' content='ocr_page ocr_carea ocr_par ocr_line ocrx_word'/>
</head>
<body>
  <div class='ocr_page' id='page_1' title='image "./sanctiambrosiim00ambrgoog_0157.png"; bbox 0 0 2632 4784; ppageno 0'>
   <div class='ocr_carea' id='block_1_1' title="bbox 111 383 1206 546">
    <p class='ocr_par' dir='ltr' id='par_1_1' title="bbox 111 383 1206 546">
     <span class='ocr_line' id='line_1_1' title="bbox 111 383 805 438; baseline -0.035 13"><span class='ocrx_word' id='word_1_1' title='bbox 111 390 156 438; x_wconf 79' lang='lat' dir='ltr'><strong>mr</strong></span> <span class='ocrx_word' id='word_1_2' title='bbox 505 386 626 432; x_wconf 80' lang='lat' dir='ltr'><strong>siucrt</strong></span> <span class='ocrx_word' id='word_1_3' title='bbox 643 383 805 430; x_wconf 76' lang='lat' dir='ltr'><strong>iusnosrr</strong></span> 
     </span>
     <span class='ocr_line' id='line_1_2' title="bbox 264 454 1206 546; baseline -0.028 -17"><span class='ocrx_word' id='word_1_4' title='bbox 264 492 390 546; x_wconf 61' lang='lat' dir='ltr'>effu-f</span> <span class='ocrx_word' id='word_1_5' title='bbox 409 491 489 546; x_wconf 41' lang='lat' dir='ltr'><strong>m·</strong></span> <span class='ocrx_word' id='word_1_6' title='bbox 667 461 723 510; x_wconf 83' lang='lat' dir='ltr'><strong>dato</strong></span> <span class='ocrx_word' id='word_1_7' title='bbox 734 461 946 510; x_wconf 79' lang='lat' dir='ltr'><strong>animumrsinou</strong></span> <span class='ocrx_word' id='word_1_8' title='bbox 957 458 1136 522; x_wconf 75' lang='lat' dir='ltr'><strong>praevalueris,</strong></span> <span class='ocrx_word' id='word_1_9' title='bbox 1149 454 1206 504; x_wconf 75' lang='lat' dir='ltr'><strong>irn-</strong></span> 
     </span>
    </p>
   </div>
   <div class='ocr_carea' id='block_1_2' title="bbox 111 527 1207 820">
    <p class='ocr_par' dir='ltr' id='par_1_2' title="bbox 668 527 1206 593">
     <span class='ocr_line' id='line_1_3' title="bbox 668 527 1206 593; baseline -0.011 -15"><span class='ocrx_word' id='word_1_10' title='bbox 668 544 712 578; x_wconf 87' lang='lat' dir='ltr'><strong>nos</strong></span> <span class='ocrx_word' id='word_1_11' title='bbox 722 531 811 593; x_wconf 79' lang='lat' dir='ltr'><strong>tingue</strong></span> <span class='ocrx_word' id='word_1_12' title='bbox 821 530 920 591; x_wconf 86' lang='lat' dir='ltr'><strong>impone</strong></span> <span class='ocrx_word' id='word_1_13' title='bbox 930 530 978 578; x_wconf 78' lang='lat' dir='ltr'><strong>tum</strong></span> <span class='ocrx_word' id='word_1_14' title='bbox 990 542 997 575; x_wconf 90' lang='lat'>:</span> <span class='ocrx_word' id='word_1_15' title='bbox 1008 527 1104 575; x_wconf 87' lang='lat' dir='ltr'><strong>deinde</strong></span> <span class='ocrx_word' id='word_1_16' title='bbox 1114 538 1206 574; x_wconf 87' lang='lat' dir='ltr'><strong>recou-</strong></span> 
     </span>
    </p>

    <p class='ocr_par' dir='ltr' id='par_1_3' title="bbox 111 594 1207 820">
     <span class='ocr_line' id='line_1_4' title="bbox 111 594 1205 658; baseline -0.007 -9"><span class='ocrx_word' id='word_1_17' title='bbox 111 609 250 650; x_wconf 78' lang='lat' dir='ltr'><strong>lrscnndlam</strong></span> <span class='ocrx_word' id='word_1_18' title='bbox 266 611 393 658; x_wconf 70' lang='lat' dir='ltr'><strong>priusquam</strong></span> <span class='ocrx_word' id='word_1_19' title='bbox 411 608 503 650; x_wconf 83' lang='lat' dir='ltr'><strong>oriatur.</strong></span> <span class='ocrx_word' id='word_1_20' title='bbox 517 596 643 656; x_wconf 67' lang='lat' dir='ltr'><strong>precaren&#39;-</strong></span> <span class='ocrx_word' id='word_1_21' title='bbox 668 601 799 649; x_wconf 80' lang='lat' dir='ltr'><strong>ciliationis</strong></span> <span class='ocrx_word' id='word_1_22' title='bbox 816 600 926 648; x_wconf 80' lang='lat' dir='ltr'><strong>studium</strong></span> <span class='ocrx_word' id='word_1_23' title='bbox 943 611 994 646; x_wconf 83' lang='lat' dir='ltr'><strong>non</strong></span> <span class='ocrx_word' id='word_1_24' title='bbox 1012 594 1205 658; x_wconf 62' lang='lat' dir='ltr'><strong>pretermittit.</strong></span> 
     </span>
     <span class='ocr_line' id='line_1_5' title="bbox 133 660 1206 765; baseline -0.008 -9"><span class='ocrx_word' id='word_1_25' title='bbox 133 660 645 765; x_wconf 54' lang='lat' dir='ltr'><strong>metetiftltttacniffliltnti</strong></span> <span class='ocrx_word' id='word_1_26' title='bbox 668 663 1206 750; x_wconf 55' lang='lat' dir='ltr'><strong>ffiiiffltiwffli‘lfflfflffllt’</strong></span> 
     </span>
     <span class='ocr_line' id='line_1_6' title="bbox 135 734 1207 820; baseline -0.011 -29"><span class='ocrx_word' id='word_1_27' title='bbox 135 772 232 820; x_wconf 61' lang='lat' dir='ltr'><strong>„mm</strong></span> <span class='ocrx_word' id='word_1_28' title='bbox 242 773 316 810; x_wconf 61' lang='lat' dir='ltr'><strong>„um</strong></span> <span class='ocrx_word' id='word_1_29' title='bbox 324 782 337 808; x_wconf 72' lang='lat' dir='ltr'><strong>e</strong></span> <span class='ocrx_word' id='word_1_30' title='bbox 345 771 446 810; x_wconf 66' lang='lat' dir='ltr'><strong>cererem</strong></span> <span class='ocrx_word' id='word_1_31' title='bbox 455 768 607 813; x_wconf 69' lang='lat' dir='ltr'><strong>coercendam:</strong></span> <span class='ocrx_word' id='word_1_32' title='bbox 620 771 643 805; x_wconf 66' lang='lat' dir='ltr'><strong>u,</strong></span> <span class='ocrx_word' id='word_1_33' title='bbox 668 739 696 787; x_wconf 90' lang='lat' dir='ltr'><strong>in</strong></span> <span class='ocrx_word' id='word_1_34' title='bbox 712 752 764 787; x_wconf 85' lang='lat' dir='ltr'><strong>rurs</strong></span> <span class='ocrx_word' id='word_1_35' title='bbox 774 751 879 799; x_wconf 85' lang='lat' dir='ltr'><strong>posuere</strong></span> <span class='ocrx_word' id='word_1_36' title='bbox 895 737 984 786; x_wconf 81' lang='lat' dir='ltr'><strong>libris:</strong></span> <span class='ocrx_word' id='word_1_37' title='bbox 995 734 1099 785; x_wconf 86' lang='lat' dir='ltr'><strong>sedllle</strong></span> <span class='ocrx_word' id='word_1_38' title='bbox 1117 743 1207 781; x_wconf 76' lang='lat' dir='ltr'><strong>sensns</strong></span> 
     </span>
    </p>
   </div>
   <div class='ocr_carea' id='block_1_3' title="bbox 56 801 1206 936">
    <p class='ocr_par' dir='ltr' id='par_1_4' title="bbox 56 801 1206 936">
     <span class='ocr_line' id='line_1_7' title="bbox 56 801 1175 872; baseline -0.013 -9"><span class='ocrx_word' id='word_1_39' title='bbox 56 822 59 834; x_wconf 95' lang='lat'>&#39;</span> <span class='ocrx_word' id='word_1_40' title='bbox 135 825 176 862; x_wconf 89' lang='lat' dir='ltr'><strong>rint</strong></span> <span class='ocrx_word' id='word_1_41' title='bbox 186 828 259 862; x_wconf 85' lang='lat' dir='ltr'><strong>motus</strong></span> <span class='ocrx_word' id='word_1_42' title='bbox 266 824 332 861; x_wconf 79' lang='lat' dir='ltr'><strong>nostrl</strong></span> <span class='ocrx_word' id='word_1_43' title='bbox 341 824 461 872; x_wconf 84' lang='lat' dir='ltr'><strong>puerilium</strong></span> <span class='ocrx_word' id='word_1_44' title='bbox 471 823 643 860; x_wconf 71' lang='lat' dir='ltr'><strong>commotionum</strong></span> <span class='ocrx_word' id='word_1_45' title='bbox 668 808 742 866; x_wconf 70' lang='lat' dir='ltr'><strong>hujus</strong></span> <span class='ocrx_word' id='word_1_46' title='bbox 752 807 827 855; x_wconf 80' lang='lat' dir='ltr'><strong>habet</strong></span> <span class='ocrx_word' id='word_1_47' title='bbox 837 801 1175 868; x_wconf 63' lang='lat' dir='ltr'><strong>gratiam,q&#39;uiprioi·dixit·</strong></span> 
     </span>
     <span class='ocr_line' id='line_1_8' title="bbox 134 875 1206 936; baseline -0.011 -20"><span class='ocrx_word' id='word_1_48' title='bbox 134 878 218 916; x_wconf 56' lang='lat' dir='ltr'><strong>simila</strong></span> <span class='ocrx_word' id='word_1_49' title='bbox 225 878 313 916; x_wconf 80' lang='lat' dir='ltr'><strong>Dictum</strong></span> <span class='ocrx_word' id='word_1_50' title='bbox 323 877 420 916; x_wconf 69' lang='lat' dir='ltr'><strong>irctrttn</strong></span> <span class='ocrx_word' id='word_1_51' title='bbox 427 878 645 921; x_wconf 70' lang='lat' dir='ltr'><strong>memoratumsten·</strong></span> <span class='ocrx_word' id='word_1_52' title='bbox 698 878 738 924; x_wconf 65' lang='lat'><strong>93,</strong></span> <span class='ocrx_word' id='word_1_53' title='bbox 755 877 868 925; x_wconf 59' lang='lat' dir='ltr'><strong>vitemus</strong></span> <span class='ocrx_word' id='word_1_54' title='bbox 885 889 955 936; x_wconf 68' lang='lat' dir='ltr'><strong>enti,</strong></span> <span class='ocrx_word' id='word_1_55' title='bbox 973 875 1016 924; x_wconf 59' lang='lat' dir='ltr'><strong>,ug</strong></span> <span class='ocrx_word' id='word_1_56' title='bbox 1032 876 1206 934; x_wconf 55' lang='lat' dir='ltr'><strong>pompa-mu</strong></span> 
     </span>
    </p>
   </div>
   <div class='ocr_carea' id='block_1_4' title="bbox 113 929 1230 4118">
    <p class='ocr_par' dir='ltr' id='par_1_5' title="bbox 113 929 1230 4118">
     <span class='ocr_line' id='line_1_9' title="bbox 136 929 1205 1006; baseline -0.007 -11"><span class='ocrx_word' id='word_1_57' title='bbox 136 931 240 980; x_wconf 57' lang='lat' dir='ltr'><strong>‘mm&#39;</strong></span> <span class='ocrx_word' id='word_1_58' title='bbox 254 930 359 996; x_wconf 59' lang='lat' dir='ltr'><strong>”l&#39;td‘m</strong></span> <span class='ocrx_word' id='word_1_59' title='bbox 373 930 410 980; x_wconf 66' lang='lat'>‘¹²⁸⁵</span> <span class='ocrx_word' id='word_1_60' title='bbox 423 930 462 969; x_wconf 54' lang='grc' dir='ltr'>Μ</span> <span class='ocrx_word' id='word_1_61' title='bbox 477 930 501 968; x_wconf 80' lang='lat'><strong>¹¹¹</strong></span> <span class='ocrx_word' id='word_1_62' title='bbox 514 939 538 968; x_wconf 75' lang='lat'><strong>¹⁸</strong></span> <span class='ocrx_word' id='word_1_63' title='bbox 551 929 611 967; x_wconf 55' lang='lat' dir='ltr'>‘&#39;m‘&#39;</span> <span class='ocrx_word' id='word_1_64' title='bbox 623 931 643 966; x_wconf 76' lang='lat'><strong>⁰¹</strong></span> <span class='ocrx_word' id='word_1_65' title='bbox 668 945 833 1006; x_wconf 68' lang='lat' dir='ltr'><strong>iracundiam</strong></span> <span class='ocrx_word' id='word_1_66' title='bbox 844 957 877 994; x_wconf 88' lang='lat' dir='ltr'><strong>uo</strong></span> <span class='ocrx_word' id='word_1_67' title='bbox 887 945 921 993; x_wconf 90' lang='lat' dir='ltr'><strong>sit</strong></span> <span class='ocrx_word' id='word_1_68' title='bbox 930 945 985 1004; x_wconf 76' lang='lat' dir='ltr'><strong>etus</strong></span> <span class='ocrx_word' id='word_1_69' title='bbox 993 945 1037 992; x_wconf 84' lang='lat' dir='ltr'><strong>eut</strong></span> <span class='ocrx_word' id='word_1_70' title='bbox 1045 943 1074 991; x_wconf 92' lang='lat' dir='ltr'><strong>in</strong></span> <span class='ocrx_word' id='word_1_71' title='bbox 1085 940 1205 990; x_wconf 73' lang='lat' dir='ltr'><strong>lendibus</strong></span> 
     </span>
     <span class='ocr_line' id='line_1_10' title="bbox 135 985 1206 1076; baseline -0.008 -12"><span class='ocrx_word' id='word_1_72' title='bbox 135 985 341 1035; x_wconf 74' lang='lat' dir='ltr'><strong>senpmpmren.</strong></span> <span class='ocrx_word' id='word_1_73' title='bbox 669 1010 1206 1076; x_wconf 69' lang='lat' dir='ltr'><strong>exceptio,autinvimenggenuemon</strong></span> 
     </span>
     <span class='ocr_line' id='line_1_11' title="bbox 143 1079 1206 1144; baseline -0.005 -13"><span class='ocrx_word' id='word_1_74' title='bbox 143 1083 183 1132; x_wconf 83' lang='lat' dir='ltr'><strong>oo.</strong></span> <span class='ocrx_word' id='word_1_75' title='bbox 191 1083 336 1131; x_wconf 72' lang='lat' dir='ltr'><strong>cimirun</strong></span> <span class='ocrx_word' id='word_1_76' title='bbox 348 1083 490 1143; x_wconf 63' lang='lat' dir='ltr'><strong>ineundis,</strong></span> <span class='ocrx_word' id='word_1_77' title='bbox 502 1079 573 1129; x_wconf 78' lang='lat' dir='ltr'><strong>rutel</strong></span> <span class='ocrx_word' id='word_1_78' title='bbox 582 1092 644 1141; x_wconf 78' lang='lat' dir='ltr'><strong>pror·</strong></span> <span class='ocrx_word' id='word_1_79' title='bbox 669 1086 792 1133; x_wconf 78' lang='lat' dir='ltr'><strong>mediocre</strong></span> <span class='ocrx_word' id='word_1_80' title='bbox 803 1085 841 1133; x_wconf 88' lang='lat' dir='ltr'><strong>est</strong></span> <span class='ocrx_word' id='word_1_81' title='bbox 851 1083 965 1144; x_wconf 81' lang='lat' dir='ltr'><strong>mitigare</strong></span> <span class='ocrx_word' id='word_1_82' title='bbox 975 1081 1129 1132; x_wconf 71' lang='lat' dir='ltr'><strong>iracundiam</strong></span> <span class='ocrx_word' id='word_1_83' title='bbox 1137 1092 1146 1127; x_wconf 77' lang='lat' dir='ltr'><strong>r</strong></span> <span class='ocrx_word' id='word_1_84' title='bbox 1154 1087 1206 1126; x_wconf 80' lang='lat' dir='ltr'><strong>nou</strong></span> 
     </span>
     <span class='ocr_line' id='line_1_12' title="bbox 113 1144 1205 1214; baseline -0.005 -14"><span class='ocrx_word' id='word_1_85' title='bbox 113 1152 198 1200; x_wconf 76' lang='lat' dir='ltr'><strong>cereri</strong></span> <span class='ocrx_word' id='word_1_86' title='bbox 221 1164 270 1199; x_wconf 90' lang='lat' dir='ltr'><strong>non</strong></span> <span class='ocrx_word' id='word_1_87' title='bbox 287 1153 383 1213; x_wconf 88' lang='lat' dir='ltr'><strong>potest,</strong></span> <span class='ocrx_word' id='word_1_88' title='bbox 402 1152 563 1209; x_wconf 58' lang='lat' dir='ltr'><strong>collibertum</strong></span> <span class='ocrx_word' id='word_1_89' title='bbox 582 1150 645 1196; x_wconf 78' lang='lat' dir='ltr'><strong>mela</strong></span> <span class='ocrx_word' id='word_1_90' title='bbox 669 1153 774 1201; x_wconf 87' lang='lat' dir='ltr'><strong>interius</strong></span> <span class='ocrx_word' id='word_1_91' title='bbox 784 1166 858 1214; x_wconf 80' lang='lat' dir='ltr'><strong>guam</strong></span> <span class='ocrx_word' id='word_1_92' title='bbox 868 1151 1029 1200; x_wconf 83' lang='lat' dir='ltr'><strong>ommuonen</strong></span> <span class='ocrx_word' id='word_1_93' title='bbox 1039 1144 1205 1198; x_wconf 77' lang='lat' dir='ltr'><strong>commoveri-</strong></span> 
     </span>
     <span class='ocr_line' id='line_1_13' title="bbox 113 1218 1205 1283; baseline -0.003 -14"><span class='ocrx_word' id='word_1_94' title='bbox 113 1222 181 1269; x_wconf 89' lang='lat' dir='ltr'><strong>enlm</strong></span> <span class='ocrx_word' id='word_1_95' title='bbox 192 1222 254 1269; x_wconf 84' lang='lat' dir='ltr'><strong>illex</strong></span> <span class='ocrx_word' id='word_1_96' title='bbox 264 1222 360 1282; x_wconf 88' lang='lat' dir='ltr'><strong>peccati</strong></span> <span class='ocrx_word' id='word_1_97' title='bbox 375 1221 513 1283; x_wconf 70' lang='lat' dir='ltr'><strong>indignatio</strong></span> <span class='ocrx_word' id='word_1_98' title='bbox 524 1222 561 1268; x_wconf 89' lang='lat' dir='ltr'><strong>est</strong></span> <span class='ocrx_word' id='word_1_99' title='bbox 573 1233 579 1265; x_wconf 93' lang='lat'><strong>:</strong></span> <span class='ocrx_word' id='word_1_100' title='bbox 590 1233 645 1280; x_wconf 81' lang='lat' dir='ltr'><strong>quae</strong></span> <span class='ocrx_word' id='word_1_101' title='bbox 670 1224 720 1270; x_wconf 86' lang='lat' dir='ltr'><strong>linc</strong></span> <span class='ocrx_word' id='word_1_102' title='bbox 730 1224 840 1271; x_wconf 90' lang='lat' dir='ltr'><strong>nostmm</strong></span> <span class='ocrx_word' id='word_1_103' title='bbox 846 1222 897 1282; x_wconf 86' lang='lat' dir='ltr'><strong>eet,</strong></span> <span class='ocrx_word' id='word_1_104' title='bbox 905 1222 1001 1269; x_wconf 76' lang='lat' dir='ltr'><strong>msere</strong></span> <span class='ocrx_word' id='word_1_105' title='bbox 1007 1219 1078 1269; x_wconf 82' lang='lat' dir='ltr'><strong>illud.</strong></span> <span class='ocrx_word' id='word_1_106' title='bbox 1087 1218 1205 1279; x_wconf 75' lang='lat' dir='ltr'><strong>venique</strong></span> 
     </span>
     <span class='ocr_line' id='line_1_14' title="bbox 113 1287 1205 1352; baseline -0.004 -13"><span class='ocrx_word' id='word_1_107' title='bbox 113 1291 149 1339; x_wconf 81' lang='lat' dir='ltr'><strong>itu</strong></span> <span class='ocrx_word' id='word_1_108' title='bbox 167 1287 277 1338; x_wconf 87' lang='lat' dir='ltr'><strong>animum</strong></span> <span class='ocrx_word' id='word_1_109' title='bbox 291 1290 433 1350; x_wconf 82' lang='lat' dir='ltr'><strong>perturbet,</strong></span> <span class='ocrx_word' id='word_1_110' title='bbox 448 1290 477 1337; x_wconf 92' lang='lat' dir='ltr'><strong>ut</strong></span> <span class='ocrx_word' id='word_1_111' title='bbox 493 1289 582 1337; x_wconf 75' lang='lat' dir='ltr'><strong>rationi</strong></span> <span class='ocrx_word' id='word_1_112' title='bbox 597 1300 646 1336; x_wconf 90' lang='lat' dir='ltr'><strong>nou</strong></span> <span class='ocrx_word' id='word_1_113' title='bbox 669 1292 846 1340; x_wconf 74' lang='lat' dir='ltr'><strong>commotiones</strong></span> <span class='ocrx_word' id='word_1_114' title='bbox 860 1292 886 1339; x_wconf 90' lang='lat' dir='ltr'><strong>in</strong></span> <span class='ocrx_word' id='word_1_115' title='bbox 904 1290 990 1352; x_wconf 84' lang='lat' dir='ltr'><strong>pueris</strong></span> <span class='ocrx_word' id='word_1_116' title='bbox 1004 1287 1115 1336; x_wconf 76' lang='lat' dir='ltr'><strong>lnnoxlae</strong></span> <span class='ocrx_word' id='word_1_117' title='bbox 1131 1289 1205 1347; x_wconf 81' lang='lat' dir='ltr'><strong>sunt,</strong></span> 
     </span>
     <span class='ocr_line' id='line_1_15' title="bbox 114 1357 1207 1421; baseline -0.005 -12"><span class='ocrx_word' id='word_1_118' title='bbox 114 1360 240 1421; x_wconf 85' lang='lat' dir='ltr'><strong>relinquat</strong></span> <span class='ocrx_word' id='word_1_119' title='bbox 248 1361 339 1408; x_wconf 90' lang='lat' dir='ltr'><strong>iocum.</strong></span> <span class='ocrx_word' id='word_1_120' title='bbox 351 1361 459 1408; x_wconf 84' lang='lat' dir='ltr'><strong>Primum</strong></span> <span class='ocrx_word' id='word_1_121' title='bbox 470 1360 508 1407; x_wconf 89' lang='lat' dir='ltr'><strong>est</strong></span> <span class='ocrx_word' id='word_1_122' title='bbox 521 1359 614 1420; x_wconf 88' lang='lat' dir='ltr'><strong>igitur,</strong></span> <span class='ocrx_word' id='word_1_123' title='bbox 625 1357 646 1405; x_wconf 85' lang='lat' dir='ltr'><strong>si</strong></span> <span class='ocrx_word' id='word_1_124' title='bbox 669 1360 724 1421; x_wconf 67' lang='lat' dir='ltr'><strong>qun</strong></span> <span class='ocrx_word' id='word_1_125' title='bbox 738 1361 793 1420; x_wconf 85' lang='lat' dir='ltr'><strong>plus</strong></span> <span class='ocrx_word' id='word_1_126' title='bbox 807 1360 901 1408; x_wconf 82' lang='lat' dir='ltr'><strong>halent</strong></span> <span class='ocrx_word' id='word_1_127' title='bbox 914 1358 1011 1419; x_wconf 67' lang='lat' dir='ltr'><strong>mutire,</strong></span> <span class='ocrx_word' id='word_1_128' title='bbox 1021 1368 1098 1417; x_wconf 81' lang='lat' dir='ltr'><strong>qoam</strong></span> <span class='ocrx_word' id='word_1_129' title='bbox 1112 1357 1207 1404; x_wconf 74' lang='lat' dir='ltr'><strong>imari-</strong></span> 
     </span>
     <span class='ocr_line' id='line_1_16' title="bbox 114 1427 1207 1489; baseline -0.004 -13"><span class='ocrx_word' id='word_1_130' title='bbox 114 1429 169 1479; x_wconf 88' lang='lat' dir='ltr'><strong>tleri</strong></span> <span class='ocrx_word' id='word_1_131' title='bbox 180 1429 312 1489; x_wconf 85' lang='lat' dir='ltr'><strong>potest‚ut</strong></span> <span class='ocrx_word' id='word_1_132' title='bbox 322 1440 418 1478; x_wconf 88' lang='lat' dir='ltr'><strong>morum</strong></span> <span class='ocrx_word' id='word_1_133' title='bbox 427 1428 648 1489; x_wconf 79' lang='lat' dir='ltr'><strong>truuquillitssusrr</strong></span> <span class='ocrx_word' id='word_1_134' title='bbox 671 1429 773 1478; x_wconf 89' lang='lat' dir='ltr'><strong>tudinis.</strong></span> <span class='ocrx_word' id='word_1_135' title='bbox 789 1430 820 1477; x_wconf 81' lang='lat' dir='ltr'><strong>lit</strong></span> <span class='ocrx_word' id='word_1_136' title='bbox 833 1429 854 1477; x_wconf 87' lang='lat' dir='ltr'><strong>si</strong></span> <span class='ocrx_word' id='word_1_137' title='bbox 869 1430 919 1477; x_wconf 88' lang='lat' dir='ltr'><strong>cito</strong></span> <span class='ocrx_word' id='word_1_138' title='bbox 934 1427 1005 1488; x_wconf 86' lang='lat' dir='ltr'><strong>pueri</strong></span> <span class='ocrx_word' id='word_1_139' title='bbox 1024 1427 1092 1473; x_wconf 88' lang='lat' dir='ltr'><strong>inter</strong></span> <span class='ocrx_word' id='word_1_140' title='bbox 1107 1437 1136 1473; x_wconf 90' lang='lat' dir='ltr'><strong>se</strong></span> <span class='ocrx_word' id='word_1_141' title='bbox 1150 1437 1207 1473; x_wconf 90' lang='lat' dir='ltr'><strong>nro·</strong></span> 
     </span>
     <span class='ocr_line' id='line_1_17' title="bbox 114 1494 1207 1561; baseline -0.005 -14"><span class='ocrx_word' id='word_1_142' title='bbox 114 1499 233 1560; x_wconf 82' lang='lat' dir='ltr'><strong>quodem,</strong></span> <span class='ocrx_word' id='word_1_143' title='bbox 242 1498 386 1559; x_wconf 69' lang='lat' dir='ltr'><strong>affcctione,</strong></span> <span class='ocrx_word' id='word_1_144' title='bbox 394 1498 647 1561; x_wconf 76' lang='lat' dir='ltr'><strong>proposito,inuetu·</strong></span> <span class='ocrx_word' id='word_1_145' title='bbox 672 1499 773 1559; x_wconf 85' lang='lat' dir='ltr'><strong>ventur,</strong></span> <span class='ocrx_word' id='word_1_146' title='bbox 784 1497 858 1546; x_wconf 83' lang='lat' dir='ltr'><strong>iecilc</strong></span> <span class='ocrx_word' id='word_1_147' title='bbox 873 1498 1002 1555; x_wconf 82' lang='lat' dir='ltr'><strong>sedantur,</strong></span> <span class='ocrx_word' id='word_1_148' title='bbox 1011 1496 1038 1543; x_wconf 90' lang='lat' dir='ltr'><strong>et</strong></span> <span class='ocrx_word' id='word_1_149' title='bbox 1047 1494 1137 1553; x_wconf 73' lang='lat' dir='ltr'><strong>melori</strong></span> <span class='ocrx_word' id='word_1_150' title='bbox 1147 1506 1207 1542; x_wconf 75' lang='lat' dir='ltr'><strong>sris·</strong></span> 
     </span>
     <span class='ocr_line' id='line_1_18' title="bbox 115 1564 1207 1628; baseline -0.002 -14"><span class='ocrx_word' id='word_1_151' title='bbox 115 1580 169 1614; x_wconf 90' lang='lat' dir='ltr'><strong>ram</strong></span> <span class='ocrx_word' id='word_1_152' title='bbox 180 1568 299 1616; x_wconf 79' lang='lat' dir='ltr'><strong>vertatur.</strong></span> <span class='ocrx_word' id='word_1_153' title='bbox 311 1568 407 1616; x_wconf 78' lang='lat' dir='ltr'><strong>Deinde</strong></span> <span class='ocrx_word' id='word_1_154' title='bbox 422 1567 538 1628; x_wconf 77' lang='lat' dir='ltr'><strong>quonism</strong></span> <span class='ocrx_word' id='word_1_155' title='bbox 548 1567 584 1614; x_wconf 87' lang='lat' dir='ltr'><strong>ita</strong></span> <span class='ocrx_word' id='word_1_156' title='bbox 595 1566 648 1626; x_wconf 83' lang='lat' dir='ltr'><strong>ple·</strong></span> <span class='ocrx_word' id='word_1_157' title='bbox 671 1569 750 1616; x_wconf 82' lang='lat' dir='ltr'><strong>vitate</strong></span> <span class='ocrx_word' id='word_1_158' title='bbox 772 1569 799 1615; x_wconf 89' lang='lat' dir='ltr'><strong>in</strong></span> <span class='ocrx_word' id='word_1_159' title='bbox 820 1580 847 1615; x_wconf 88' lang='lat' dir='ltr'><strong>se</strong></span> <span class='ocrx_word' id='word_1_160' title='bbox 869 1567 1009 1614; x_wconf 87' lang='lat' dir='ltr'><strong>recurrunt.</strong></span> <span class='ocrx_word' id='word_1_161' title='bbox 1032 1564 1154 1612; x_wconf 73' lang='lat' dir='ltr'><strong>Nesciunt</strong></span> <span class='ocrx_word' id='word_1_162' title='bbox 1177 1576 1207 1612; x_wconf 84' lang='lat' dir='ltr'><strong>ss</strong></span> 
     </span>
     <span class='ocr_line' id='line_1_19' title="bbox 116 1633 1207 1697; baseline -0.002 -13"><span class='ocrx_word' id='word_1_163' title='bbox 116 1636 648 1696; x_wconf 79' lang='lat' dir='ltr'><strong>mmquemotuslniixusestnaturaeecmo·</strong></span> <span class='ocrx_word' id='word_1_164' title='bbox 671 1637 773 1686; x_wconf 82' lang='lat' dir='ltr'><strong>subdote</strong></span> <span class='ocrx_word' id='word_1_165' title='bbox 793 1637 974 1697; x_wconf 80' lang='lat' dir='ltr'><strong>artificioseque</strong></span> <span class='ocrx_word' id='word_1_166' title='bbox 989 1636 1106 1683; x_wconf 78' lang='lat' dir='ltr'><strong>tractare.</strong></span> <span class='ocrx_word' id='word_1_167' title='bbox 1122 1633 1207 1682; x_wconf 83' lang='lat' dir='ltr'><strong>liolits</strong></span> 
     </span>
     <span class='ocr_line' id='line_1_20' title="bbox 114 1703 1209 1767; baseline 0 -15"><span class='ocrx_word' id='word_1_168' title='bbox 114 1704 198 1765; x_wconf 85' lang='lat' dir='ltr'><strong>ribus,</strong></span> <span class='ocrx_word' id='word_1_169' title='bbox 207 1704 496 1767; x_wconf 78' lang='lat' dir='ltr'><strong>uterellietgueerituri</strong></span> <span class='ocrx_word' id='word_1_170' title='bbox 504 1716 552 1752; x_wconf 89' lang='lat' dir='ltr'><strong>nen</strong></span> <span class='ocrx_word' id='word_1_171' title='bbox 560 1706 647 1764; x_wconf 79' lang='lat' dir='ltr'><strong>quest:</strong></span> <span class='ocrx_word' id='word_1_172' title='bbox 672 1707 717 1755; x_wconf 83' lang='lat' dir='ltr'><strong>lios</strong></span> <span class='ocrx_word' id='word_1_173' title='bbox 727 1710 885 1755; x_wconf 74' lang='lat' dir='ltr'><strong>contemnere</strong></span> <span class='ocrx_word' id='word_1_174' title='bbox 896 1718 997 1766; x_wconf 88' lang='lat' dir='ltr'><strong>pueros,</strong></span> <span class='ocrx_word' id='word_1_175' title='bbox 1010 1703 1144 1764; x_wconf 83' lang='lat' dir='ltr'><strong>dequibus</strong></span> <span class='ocrx_word' id='word_1_176' title='bbox 1155 1705 1209 1752; x_wconf 81' lang='lat' dir='ltr'><strong>Do-</strong></span> 
     </span>
     <span class='ocr_line' id='line_1_21' title="bbox 116 1773 1209 1836; baseline -0.001 -14"><span class='ocrx_word' id='word_1_177' title='bbox 116 1775 279 1834; x_wconf 81' lang='lat' dir='ltr'><strong>etprerideri</strong></span> <span class='ocrx_word' id='word_1_178' title='bbox 290 1775 413 1836; x_wconf 88' lang='lat' dir='ltr'><strong>potuerit,</strong></span> <span class='ocrx_word' id='word_1_179' title='bbox 421 1773 517 1821; x_wconf 81' lang='lat' dir='ltr'><strong>ritione</strong></span> <span class='ocrx_word' id='word_1_180' title='bbox 528 1773 649 1833; x_wconf 83' lang='lat' dir='ltr'><strong>reprtne-</strong></span> <span class='ocrx_word' id='word_1_181' title='bbox 672 1776 754 1824; x_wconf 88' lang='lat' dir='ltr'><strong>minus</strong></span> <span class='ocrx_word' id='word_1_182' title='bbox 772 1777 807 1824; x_wconf 83' lang='lat' dir='ltr'><strong>ait</strong></span> <span class='ocrx_word' id='word_1_183' title='bbox 818 1789 825 1822; x_wconf 85' lang='lat' dir='ltr'><strong>r</strong></span> <span class='ocrx_word' id='word_1_184' title='bbox 837 1776 890 1824; x_wconf 76' lang='lat' dir='ltr'><strong>lt&#39;iri</strong></span> <span class='ocrx_word' id='word_1_185' title='bbox 901 1776 1005 1823; x_wconf 78' lang='lat' dir='ltr'><strong>convcrri</strong></span> <span class='ocrx_word' id='word_1_186' title='bbox 1016 1774 1121 1834; x_wconf 71' lang='lat' dir='ltr'><strong>sumtis,</strong></span> <span class='ocrx_word' id='word_1_187' title='bbox 1132 1776 1155 1821; x_wconf 82' lang='lat' dir='ltr'><strong>rt</strong></span> <span class='ocrx_word' id='word_1_188' title='bbox 1170 1773 1209 1833; x_wconf 73' lang='lat' dir='ltr'><strong>cf·</strong></span> 
     </span>
     <span class='ocr_line' id='line_1_22' title="bbox 114 1840 1208 1904; baseline 0 -14"><span class='ocrx_word' id='word_1_189' title='bbox 114 1842 165 1890; x_wconf 89' lang='lat' dir='ltr'><strong>tur.</strong></span> <span class='ocrx_word' id='word_1_190' title='bbox 178 1844 227 1891; x_wconf 74' lang='lat' dir='ltr'><strong>dut</strong></span> <span class='ocrx_word' id='word_1_191' title='bbox 241 1844 262 1892; x_wconf 87' lang='lat' dir='ltr'><strong>si</strong></span> <span class='ocrx_word' id='word_1_192' title='bbox 278 1843 347 1904; x_wconf 87' lang='lat' dir='ltr'><strong>prius</strong></span> <span class='ocrx_word' id='word_1_193' title='bbox 362 1844 497 1904; x_wconf 79' lang='lat' dir='ltr'><strong>occupatus</strong></span> <span class='ocrx_word' id='word_1_194' title='bbox 508 1840 585 1888; x_wconf 85' lang='lat' dir='ltr'><strong>tuerit</strong></span> <span class='ocrx_word' id='word_1_195' title='bbox 594 1841 649 1888; x_wconf 90' lang='lat' dir='ltr'><strong>ani·</strong></span> <span class='ocrx_word' id='word_1_196' title='bbox 671 1845 786 1904; x_wconf 72' lang='lat' dir='ltr'><strong>{letemini</strong></span> <span class='ocrx_word' id='word_1_197' title='bbox 795 1847 854 1893; x_wconf 79' lang='lat' dir='ltr'><strong>sicet</strong></span> <span class='ocrx_word' id='word_1_198' title='bbox 864 1846 984 1904; x_wconf 72' lang='lat' dir='ltr'><strong>persiste,</strong></span> <span class='ocrx_word' id='word_1_199' title='bbox 994 1855 1042 1890; x_wconf 82' lang='lat' dir='ltr'><strong>nort</strong></span> <span class='ocrx_word' id='word_1_200' title='bbox 1050 1842 1172 1890; x_wconf 68' lang='lat' dir='ltr'><strong>introitis</strong></span> <span class='ocrx_word' id='word_1_201' title='bbox 1180 1844 1208 1890; x_wconf 80' lang='lat' dir='ltr'><strong>in</strong></span> 
     </span>
     <span class='ocr_line' id='line_1_23' title="bbox 116 1910 1208 1974; baseline -0.001 -15"><span class='ocrx_word' id='word_1_202' title='bbox 116 1923 172 1960; x_wconf 81' lang='lat' dir='ltr'><strong>mus</strong></span> <span class='ocrx_word' id='word_1_203' title='bbox 193 1912 224 1960; x_wconf 80' lang='lat' dir='ltr'><strong>etr</strong></span> <span class='ocrx_word' id='word_1_204' title='bbox 248 1912 430 1974; x_wconf 68' lang='lat' dir='ltr'><strong>indignatione,</strong></span> <span class='ocrx_word' id='word_1_205' title='bbox 447 1923 522 1972; x_wconf 82' lang='lat' dir='ltr'><strong>quern</strong></span> <span class='ocrx_word' id='word_1_206' title='bbox 547 1910 649 1959; x_wconf 90' lang='lat' dir='ltr'><strong>consilio</strong></span> <span class='ocrx_word' id='word_1_207' title='bbox 672 1914 999 1974; x_wconf 70' lang='lat' dir='ltr'><strong>monumentorumltequc</strong></span> <span class='ocrx_word' id='word_1_208' title='bbox 1014 1911 1108 1970; x_wconf 79' lang='lat' dir='ltr'><strong>etipse</strong></span> <span class='ocrx_word' id='word_1_209' title='bbox 1119 1911 1208 1958; x_wconf 80' lang='lat' dir='ltr'><strong>norni-</strong></span> 
     </span>
     <span class='ocr_line' id='line_1_24' title="bbox 116 1979 1207 2043; baseline -0.003 -14"><span class='ocrx_word' id='word_1_210' title='bbox 116 1982 224 2043; x_wconf 74' lang='lat' dir='ltr'><strong>prospici</strong></span> <span class='ocrx_word' id='word_1_211' title='bbox 242 1994 270 2030; x_wconf 82' lang='lat' dir='ltr'><strong>ne</strong></span> <span class='ocrx_word' id='word_1_212' title='bbox 283 1982 408 2042; x_wconf 86' lang='lat' dir='ltr'><strong>provideri</strong></span> <span class='ocrx_word' id='word_1_213' title='bbox 425 1982 548 2042; x_wconf 84' lang='lat' dir='ltr'><strong>potuerit,</strong></span> <span class='ocrx_word' id='word_1_214' title='bbox 565 1993 596 2028; x_wconf 88' lang='lat' dir='ltr'><strong>nc</strong></span> <span class='ocrx_word' id='word_1_215' title='bbox 608 1993 650 2027; x_wconf 91' lang='lat' dir='ltr'><strong>oc·</strong></span> <span class='ocrx_word' id='word_1_216' title='bbox 674 1997 732 2043; x_wconf 83' lang='lat' dir='ltr'><strong>nus,</strong></span> <span class='ocrx_word' id='word_1_217' title='bbox 750 1984 796 2031; x_wconf 88' lang='lat' dir='ltr'><strong>trec</strong></span> <span class='ocrx_word' id='word_1_218' title='bbox 813 1983 863 2043; x_wconf 87' lang='lat' dir='ltr'><strong>est,</strong></span> <span class='ocrx_word' id='word_1_219' title='bbox 878 1982 927 2029; x_wconf 84' lang='lat' dir='ltr'><strong>Dei</strong></span> <span class='ocrx_word' id='word_1_220' title='bbox 942 1982 1033 2039; x_wconf 85' lang='lat' dir='ltr'><strong>virtus,</strong></span> <span class='ocrx_word' id='word_1_221' title='bbox 1048 1979 1113 2027; x_wconf 85' lang='lat' dir='ltr'><strong>sicut</strong></span> <span class='ocrx_word' id='word_1_222' title='bbox 1127 1990 1207 2040; x_wconf 86' lang='lat' dir='ltr'><strong>puer,</strong></span> 
     </span>
     <span class='ocr_line' id='line_1_25' title="bbox 117 2048 1207 2111; baseline -0.002 -14"><span class='ocrx_word' id='word_1_223' title='bbox 117 2050 251 2111; x_wconf 77' lang='lat' dir='ltr'><strong>superetur</strong></span> <span class='ocrx_word' id='word_1_224' title='bbox 263 2063 270 2096; x_wconf 72' lang='grc' dir='ltr'><strong><em>ε</em></strong></span> <span class='ocrx_word' id='word_1_225' title='bbox 282 2051 403 2099; x_wconf 81' lang='lat' dir='ltr'><strong>meditere</strong></span> <span class='ocrx_word' id='word_1_226' title='bbox 417 2049 539 2110; x_wconf 87' lang='lat' dir='ltr'><strong>quomodo</strong></span> <span class='ocrx_word' id='word_1_227' title='bbox 556 2054 649 2096; x_wconf 88' lang='lat' dir='ltr'><strong>motum</strong></span> <span class='ocrx_word' id='word_1_228' title='bbox 674 2066 731 2101; x_wconf 90' lang='lat' dir='ltr'><strong>cum</strong></span> <span class='ocrx_word' id='word_1_229' title='bbox 746 2051 949 2110; x_wconf 88' lang='lat' dir='ltr'><strong>malediceretur,</strong></span> <span class='ocrx_word' id='word_1_230' title='bbox 960 2061 1009 2097; x_wconf 89' lang='lat' dir='ltr'><strong>uon</strong></span> <span class='ocrx_word' id='word_1_231' title='bbox 1024 2048 1207 2097; x_wconf 71' lang='lat' dir='ltr'><strong>remaledixit:</strong></span> 
     </span>
     <span class='ocr_line' id='line_1_26' title="bbox 117 2117 1207 2181; baseline 0 -15"><span class='ocrx_word' id='word_1_232' title='bbox 117 2119 194 2166; x_wconf 75' lang='lat' dir='ltr'><strong>inimi</strong></span> <span class='ocrx_word' id='word_1_233' title='bbox 203 2117 506 2177; x_wconf 77' lang='lat' dir='ltr'><strong>tuivincee,ireeundiem</strong></span> <span class='ocrx_word' id='word_1_234' title='bbox 517 2119 649 2177; x_wconf 87' lang='lat' dir='ltr'><strong>temperes.</strong></span> <span class='ocrx_word' id='word_1_235' title='bbox 674 2135 730 2168; x_wconf 91' lang='lat' dir='ltr'><strong>cum</strong></span> <span class='ocrx_word' id='word_1_236' title='bbox 741 2122 926 2181; x_wconf 86' lang='lat' dir='ltr'><strong>percuteretur,</strong></span> <span class='ocrx_word' id='word_1_237' title='bbox 937 2131 986 2167; x_wconf 89' lang='lat' dir='ltr'><strong>nou</strong></span> <span class='ocrx_word' id='word_1_238' title='bbox 997 2119 1156 2178; x_wconf 77' lang='lat' dir='ltr'><strong>repercussit.</strong></span> <span class='ocrx_word' id='word_1_239' title='bbox 1168 2118 1207 2166; x_wconf 76' lang='lat' dir='ltr'><strong>tta</strong></span> 
     </span>
     <span class='ocr_line' id='line_1_27' title="bbox 118 2183 1208 2250; baseline 0 -15"><span class='ocrx_word' id='word_1_240' title='bbox 118 2187 215 2235; x_wconf 85' lang='lat' dir='ltr'><strong>lleslste</strong></span> <span class='ocrx_word' id='word_1_241' title='bbox 234 2187 295 2245; x_wconf 81' lang='lat' dir='ltr'><strong>irae,</strong></span> <span class='ocrx_word' id='word_1_242' title='bbox 312 2188 334 2233; x_wconf 87' lang='lat' dir='ltr'><strong>si</strong></span> <span class='ocrx_word' id='word_1_243' title='bbox 354 2189 423 2245; x_wconf 89' lang='lat' dir='ltr'><strong>potes</strong></span> <span class='ocrx_word' id='word_1_244' title='bbox 441 2198 448 2231; x_wconf 78' lang='lat' dir='ltr'><strong>r</strong></span> <span class='ocrx_word' id='word_1_245' title='bbox 468 2183 543 2241; x_wconf 90' lang='lat' dir='ltr'><strong>cede,</strong></span> <span class='ocrx_word' id='word_1_246' title='bbox 563 2187 583 2231; x_wconf 87' lang='lat' dir='ltr'><strong>si</strong></span> <span class='ocrx_word' id='word_1_247' title='bbox 602 2197 649 2233; x_wconf 90' lang='lat' dir='ltr'><strong>non</strong></span> <span class='ocrx_word' id='word_1_248' title='bbox 674 2203 731 2248; x_wconf 90' lang='lat' dir='ltr'><strong>ergo</strong></span> <span class='ocrx_word' id='word_1_249' title='bbox 743 2191 768 2237; x_wconf 90' lang='lat' dir='ltr'><strong>tc</strong></span> <span class='ocrx_word' id='word_1_250' title='bbox 786 2201 912 2250; x_wconf 79' lang='lat' dir='ltr'><strong>compare,</strong></span> <span class='ocrx_word' id='word_1_251' title='bbox 923 2189 952 2236; x_wconf 90' lang='lat' dir='ltr'><strong>ut</strong></span> <span class='ocrx_word' id='word_1_252' title='bbox 968 2187 1038 2248; x_wconf 79' lang='lat' dir='ltr'><strong>qussi</strong></span> <span class='ocrx_word' id='word_1_253' title='bbox 1056 2199 1121 2246; x_wconf 88' lang='lat' dir='ltr'><strong>puer</strong></span> <span class='ocrx_word' id='word_1_254' title='bbox 1139 2186 1208 2246; x_wconf 81' lang='lat' dir='ltr'><strong>inin·</strong></span> 
     </span>
     <span class='ocr_line' id='line_1_28' title="bbox 118 2253 1208 2318; baseline 0.001 -15"><span class='ocrx_word' id='word_1_255' title='bbox 118 2256 202 2316; x_wconf 82' lang='lat' dir='ltr'><strong>potes3</strong></span> <span class='ocrx_word' id='word_1_256' title='bbox 220 2255 279 2315; x_wconf 82' lang='lat' dir='ltr'><strong>quie</strong></span> <span class='ocrx_word' id='word_1_257' title='bbox 289 2253 479 2314; x_wconf 83' lang='lat' dir='ltr'><strong>scriptumest:</strong></span> <span class='ocrx_word' id='word_1_258' title='bbox 496 2255 556 2301; x_wconf 85' lang='lat' dir='ltr'><strong>Dete</strong></span> <span class='ocrx_word' id='word_1_259' title='bbox 574 2255 649 2302; x_wconf 80' lang='lat' dir='ltr'><strong>locem</strong></span> <span class='ocrx_word' id='word_1_260' title='bbox 674 2261 737 2306; x_wconf 82' lang='lat' dir='ltr'><strong>rtem</strong></span> <span class='ocrx_word' id='word_1_261' title='bbox 754 2271 802 2307; x_wconf 89' lang='lat' dir='ltr'><strong>nou</strong></span> <span class='ocrx_word' id='word_1_262' title='bbox 814 2261 912 2318; x_wconf 79' lang='lat' dir='ltr'><strong>teneus,</strong></span> <span class='ocrx_word' id='word_1_263' title='bbox 922 2257 1044 2305; x_wconf 75' lang='lat' dir='ltr'><strong>malitiam</strong></span> <span class='ocrx_word' id='word_1_264' title='bbox 1061 2269 1110 2303; x_wconf 90' lang='lat' dir='ltr'><strong>nou</strong></span> <span class='ocrx_word' id='word_1_265' title='bbox 1130 2268 1208 2304; x_wconf 86' lang='lat' dir='ltr'><strong>exer·</strong></span> 
     </span>
     <span class='ocr_line' id='line_1_29' title="bbox 117 2325 1209 2387; baseline -0.008 -7"><span class='ocrx_word' id='word_1_266' title='bbox 117 2327 169 2373; x_wconf 77' lang='lat' dir='ltr'><strong>t&#39;roe·</strong></span> <span class='ocrx_word' id='word_1_267' title='bbox 675 2341 744 2387; x_wconf 80' lang='lat' dir='ltr'><strong>cens,</strong></span> <span class='ocrx_word' id='word_1_268' title='bbox 759 2328 841 2376; x_wconf 85' lang='lat' dir='ltr'><strong>emnia</strong></span> <span class='ocrx_word' id='word_1_269' title='bbox 860 2341 874 2376; x_wconf 79' lang='lat' dir='ltr'>a</span> <span class='ocrx_word' id='word_1_270' title='bbox 892 2330 917 2376; x_wconf 91' lang='lat' dir='ltr'><strong>te</strong></span> <span class='ocrx_word' id='word_1_271' title='bbox 936 2327 1079 2374; x_wconf 86' lang='lat' dir='ltr'><strong>innocenter</strong></span> <span class='ocrx_word' id='word_1_272' title='bbox 1093 2325 1209 2386; x_wconf 82' lang='lat' dir='ltr'><strong>proticis-</strong></span> 
     </span>
     <span class='ocr_line' id='line_1_30' title="bbox 148 2392 1209 2456; baseline -0.002 -14"><span class='ocrx_word' id='word_1_273' title='bbox 148 2392 188 2442; x_wconf 79' lang='lat' dir='ltr'><strong>et.</strong></span> <span class='ocrx_word' id='word_1_274' title='bbox 201 2395 276 2443; x_wconf 81' lang='lat' dir='ltr'><strong>Jacob</strong></span> <span class='ocrx_word' id='word_1_275' title='bbox 286 2395 355 2443; x_wconf 85' lang='lat' dir='ltr'><strong>irntri</strong></span> <span class='ocrx_word' id='word_1_276' title='bbox 367 2393 503 2455; x_wconf 76' lang='lat' dir='ltr'><strong>indignanti</strong></span> <span class='ocrx_word' id='word_1_277' title='bbox 514 2393 555 2454; x_wconf 89' lang='lat' dir='ltr'><strong>pie</strong></span> <span class='ocrx_word' id='word_1_278' title='bbox 567 2392 650 2452; x_wconf 81' lang='lat' dir='ltr'><strong>cessit,</strong></span> <span class='ocrx_word' id='word_1_279' title='bbox 674 2400 768 2446; x_wconf 79' lang='lat' dir='ltr'><strong>centur.</strong></span> <span class='ocrx_word' id='word_1_280' title='bbox 780 2400 831 2445; x_wconf 83' lang='lat' dir='ltr'><strong>lt&#39;on</strong></span> <span class='ocrx_word' id='word_1_281' title='bbox 842 2398 979 2446; x_wconf 89' lang='lat' dir='ltr'><strong>consideres</strong></span> <span class='ocrx_word' id='word_1_282' title='bbox 993 2395 1054 2456; x_wconf 85' lang='lat' dir='ltr'><strong>quid</strong></span> <span class='ocrx_word' id='word_1_283' title='bbox 1064 2395 1096 2441; x_wconf 79' lang='lat' dir='ltr'><strong>ab</strong></span> <span class='ocrx_word' id='word_1_284' title='bbox 1112 2395 1170 2442; x_wconf 85' lang='lat' dir='ltr'><strong>eliis</strong></span> <span class='ocrx_word' id='word_1_285' title='bbox 1180 2394 1209 2441; x_wconf 92' lang='lat' dir='ltr'><strong>in</strong></span> 
     </span>
     <span class='ocr_line' id='line_1_31' title="bbox 118 2463 1209 2527; baseline -0.004 -13"><span class='ocrx_word' id='word_1_286' title='bbox 118 2466 146 2514; x_wconf 86' lang='lat' dir='ltr'><strong>et</strong></span> <span class='ocrx_word' id='word_1_287' title='bbox 156 2465 289 2527; x_wconf 75' lang='lat' dir='ltr'><strong>deiecere,</strong></span> <span class='ocrx_word' id='word_1_288' title='bbox 301 2465 326 2513; x_wconf 93' lang='lat' dir='ltr'><strong>id</strong></span> <span class='ocrx_word' id='word_1_289' title='bbox 338 2468 387 2525; x_wconf 86' lang='lat' dir='ltr'><strong>est,</strong></span> <span class='ocrx_word' id='word_1_290' title='bbox 400 2465 528 2526; x_wconf 77' lang='lat' dir='ltr'><strong>patientiae</strong></span> <span class='ocrx_word' id='word_1_291' title='bbox 545 2463 651 2511; x_wconf 86' lang='lat' dir='ltr'><strong>instruc-</strong></span> <span class='ocrx_word' id='word_1_292' title='bbox 674 2470 698 2516; x_wconf 83' lang='lat' dir='ltr'><strong>te</strong></span> <span class='ocrx_word' id='word_1_293' title='bbox 710 2470 856 2515; x_wconf 78' lang='lat' dir='ltr'><strong>revertatur.</strong></span> <span class='ocrx_word' id='word_1_294' title='bbox 868 2468 961 2514; x_wconf 81' lang='lat' dir='ltr'><strong>Locum</strong></span> <span class='ocrx_word' id='word_1_295' title='bbox 971 2467 1042 2513; x_wconf 86' lang='lat' dir='ltr'><strong>teum</strong></span> <span class='ocrx_word' id='word_1_296' title='bbox 1049 2475 1136 2523; x_wconf 77' lang='lat' dir='ltr'><strong>serre,</strong></span> <span class='ocrx_word' id='word_1_297' title='bbox 1147 2465 1209 2511; x_wconf 86' lang='lat' dir='ltr'><strong>sinr-</strong></span> 
     </span>
     <span class='ocr_line' id='line_1_32' title="bbox 118 2532 1209 2597; baseline 0.001 -16"><span class='ocrx_word' id='word_1_298' title='bbox 118 2535 159 2582; x_wconf 85' lang='lat' dir='ltr'><strong>tut</strong></span> <span class='ocrx_word' id='word_1_299' title='bbox 174 2533 291 2596; x_wconf 87' lang='lat' dir='ltr'><strong>consilio,</strong></span> <span class='ocrx_word' id='word_1_300' title='bbox 302 2533 387 2582; x_wconf 80' lang='lat' dir='ltr'><strong>abesse</strong></span> <span class='ocrx_word' id='word_1_301' title='bbox 399 2533 524 2582; x_wconf 84' lang='lat' dir='ltr'><strong>maluitet</strong></span> <span class='ocrx_word' id='word_1_302' title='bbox 540 2532 650 2593; x_wconf 90' lang='lat' dir='ltr'><strong>peregri·</strong></span> <span class='ocrx_word' id='word_1_303' title='bbox 675 2538 809 2597; x_wconf 86' lang='lat' dir='ltr'><strong>plicitatem</strong></span> <span class='ocrx_word' id='word_1_304' title='bbox 834 2539 859 2584; x_wconf 89' lang='lat' dir='ltr'><strong>et</strong></span> <span class='ocrx_word' id='word_1_305' title='bbox 886 2536 1020 2595; x_wconf 71' lang='lat' dir='ltr'><strong>puritatem</strong></span> <span class='ocrx_word' id='word_1_306' title='bbox 1039 2534 1079 2583; x_wconf 92' lang='lat' dir='ltr'><strong>tui</strong></span> <span class='ocrx_word' id='word_1_307' title='bbox 1100 2532 1209 2594; x_wconf 85' lang='lat' dir='ltr'><strong>pectoris</strong></span> 
     </span>
     <span class='ocr_line' id='line_1_33' title="bbox 118 2601 1209 2665; baseline -0.011 -15"><span class='ocrx_word' id='word_1_308' title='bbox 118 2603 187 2663; x_wconf 80' lang='lat' dir='ltr'><strong>neri,</strong></span> <span class='ocrx_word' id='word_1_309' title='bbox 198 2615 271 2663; x_wconf 78' lang='lat' dir='ltr'><strong>quam</strong></span> <span class='ocrx_word' id='word_1_310' title='bbox 283 2603 393 2652; x_wconf 79' lang='lat' dir='ltr'><strong>excitare</strong></span> <span class='ocrx_word' id='word_1_311' title='bbox 404 2602 487 2649; x_wconf 79' lang='lat' dir='ltr'><strong>iratris</strong></span> <span class='ocrx_word' id='word_1_312' title='bbox 503 2601 650 2660; x_wconf 85' lang='lat' dir='ltr'><strong>indignatio·</strong></span> <span class='ocrx_word' id='word_1_313' title='bbox 675 2605 848 2655; x_wconf 69' lang='lat' dir='ltr'><strong>0us10dt,rt011</strong></span> <span class='ocrx_word' id='word_1_314' title='bbox 865 2605 1013 2665; x_wconf 54' lang='lat' dir='ltr'><strong>respondere</strong></span> <span class='ocrx_word' id='word_1_315' title='bbox 1031 2605 1093 2651; x_wconf 64' lang='lat' dir='ltr'><strong>mro</strong></span> <span class='ocrx_word' id='word_1_316' title='bbox 1110 2603 1141 2649; x_wconf 65' lang='lat' dir='ltr'><strong>gd</strong></span> <span class='ocrx_word' id='word_1_317' title='bbox 1160 2603 1209 2649; x_wconf 64' lang='lat' dir='ltr'><strong>in.</strong></span> 
     </span>
     <span class='ocr_line' id='line_1_34' title="bbox 118 2668 1209 2735; baseline -0.013 -4"><span class='ocrx_word' id='word_1_318' title='bbox 118 2682 190 2729; x_wconf 77' lang='lat' dir='ltr'><strong>¹¹0¹¹¹i</strong></span> <span class='ocrx_word' id='word_1_319' title='bbox 201 2671 228 2719; x_wconf 65' lang='lat' dir='ltr'><strong>et</strong></span> <span class='ocrx_word' id='word_1_320' title='bbox 242 2672 303 2720; x_wconf 60' lang='grc' dir='ltr'><strong>ΝΜ</strong></span> <span class='ocrx_word' id='word_1_321' title='bbox 318 2671 413 2730; x_wconf 61' lang='lat' dir='ltr'><strong>fidilis</strong></span> <span class='ocrx_word' id='word_1_322' title='bbox 425 2682 480 2717; x_wconf 89' lang='lat' dir='ltr'><strong>cum</strong></span> <span class='ocrx_word' id='word_1_323' title='bbox 494 2668 594 2716; x_wconf 61' lang='lat' dir='ltr'><strong>‘misem</strong></span> <span class='ocrx_word' id='word_1_324' title='bbox 604 2670 651 2715; x_wconf 72' lang='lat' dir='ltr'><strong>mi·</strong></span> <span class='ocrx_word' id='word_1_325' title='bbox 675 2677 789 2724; x_wconf 79' lang='lat' dir='ltr'><strong>cundiam</strong></span> <span class='ocrx_word' id='word_1_326' title='bbox 800 2675 867 2734; x_wconf 78' lang='lat' dir='ltr'><strong>eius,</strong></span> <span class='ocrx_word' id='word_1_327' title='bbox 878 2676 933 2722; x_wconf 85' lang='lat' dir='ltr'><strong>sive</strong></span> <span class='ocrx_word' id='word_1_328' title='bbox 949 2672 1100 2735; x_wconf 84' lang='lat' dir='ltr'><strong>imprudenti</strong></span> <span class='ocrx_word' id='word_1_329' title='bbox 1111 2671 1143 2718; x_wconf 78' lang='lat' dir='ltr'><strong>nd</strong></span> <span class='ocrx_word' id='word_1_330' title='bbox 1161 2672 1209 2717; x_wconf 92' lang='lat' dir='ltr'><strong>im-</strong></span> 
     </span>
     <span class='ocr_line' id='line_1_35' title="bbox 118 2738 1207 2806; baseline -0.011 -6"><span class='ocrx_word' id='word_1_331' title='bbox 118 2739 224 2799; x_wconf 87' lang='lat' dir='ltr'><strong>tigttum</strong></span> <span class='ocrx_word' id='word_1_332' title='bbox 240 2739 348 2800; x_wconf 60' lang='lat' dir='ltr'><strong>limitt-</strong></span> <span class='ocrx_word' id='word_1_333' title='bbox 360 2740 390 2785; x_wconf 65' lang='lat' dir='ltr'><strong>Et</strong></span> <span class='ocrx_word' id='word_1_334' title='bbox 406 2738 462 2786; x_wconf 65' lang='lat'><strong>¹⁶0⁰</strong></span> <span class='ocrx_word' id='word_1_335' title='bbox 477 2738 571 2784; x_wconf 61' lang='lat' dir='ltr'><strong>timim</strong></span> <span class='ocrx_word' id='word_1_336' title='bbox 586 2738 650 2797; x_wconf 91' lang='lat' dir='ltr'><strong>apud</strong></span> <span class='ocrx_word' id='word_1_337' title='bbox 675 2746 840 2806; x_wconf 79' lang='lat' dir='ltr'><strong>prudentiam.</strong></span> <span class='ocrx_word' id='word_1_338' title='bbox 851 2745 904 2792; x_wconf 80' lang='lat' dir='ltr'><strong>Cito</strong></span> <span class='ocrx_word' id='word_1_339' title='bbox 912 2745 984 2805; x_wconf 81' lang='lat' dir='ltr'><strong>crdpa</strong></span> <span class='ocrx_word' id='word_1_340' title='bbox 993 2744 1091 2803; x_wconf 85' lang='lat' dir='ltr'><strong>culpam</strong></span> <span class='ocrx_word' id='word_1_341' title='bbox 1100 2740 1207 2789; x_wconf 83' lang='lat' dir='ltr'><strong>excutit.</strong></span> 
     </span>
     <span class='ocr_line' id='line_1_36' title="bbox 119 2805 1209 2875; baseline -0.006 -11"><span class='ocrx_word' id='word_1_342' title='bbox 119 2806 201 2853; x_wconf 70' lang='lat'>⁰0⁰⁰!</span> <span class='ocrx_word' id='word_1_343' title='bbox 218 2806 315 2854; x_wconf 85' lang='lat' dir='ltr'><strong>invenit</strong></span> <span class='ocrx_word' id='word_1_344' title='bbox 326 2806 437 2864; x_wconf 66' lang='lat' dir='ltr'><strong>imitam-</strong></span> <span class='ocrx_word' id='word_1_345' title='bbox 449 2805 545 2864; x_wconf 78' lang='lat' dir='ltr'><strong>Quium</strong></span> <span class='ocrx_word' id='word_1_346' title='bbox 559 2805 650 2854; x_wconf 63' lang='lat' dir='ltr'><strong>deinde</strong></span> <span class='ocrx_word' id='word_1_347' title='bbox 674 2817 699 2864; x_wconf 86' lang='lat' dir='ltr'><strong>Sl</strong></span> <span class='ocrx_word' id='word_1_348' title='bbox 712 2815 897 2875; x_wconf 72' lang='lat' dir='ltr'><strong>lantmeterus,</strong></span> <span class='ocrx_word' id='word_1_349' title='bbox 914 2826 996 2861; x_wconf 89' lang='lat' dir='ltr'><strong>noune</strong></span> <span class='ocrx_word' id='word_1_350' title='bbox 1008 2814 1072 2873; x_wconf 88' lang='lat' dir='ltr'><strong>iguis</strong></span> <span class='ocrx_word' id='word_1_351' title='bbox 1081 2809 1209 2871; x_wconf 71' lang='lat' dir='ltr'><strong>erumpit!</strong></span> 
     </span>
     <span class='ocr_line' id='line_1_37' title="bbox 119 2874 1209 2943; baseline -0.003 -19"><span class='ocrx_word' id='word_1_352' title='bbox 119 2874 258 2936; x_wconf 82' lang='lat' dir='ltr'><strong>obsequiis,</strong></span> <span class='ocrx_word' id='word_1_353' title='bbox 275 2875 375 2936; x_wconf 77' lang='lat' dir='ltr'><strong>quentis</strong></span> <span class='ocrx_word' id='word_1_354' title='bbox 390 2876 534 2923; x_wconf 84' lang='lat' dir='ltr'><strong>muneribus</strong></span> <span class='ocrx_word' id='word_1_355' title='bbox 551 2876 651 2924; x_wconf 85' lang='lat' dir='ltr'><strong>tratrem</strong></span> <span class='ocrx_word' id='word_1_356' title='bbox 705 2884 745 2933; x_wconf 77' lang='lat' dir='ltr'><strong>pi,</strong></span> <span class='ocrx_word' id='word_1_357' title='bbox 756 2884 848 2931; x_wconf 65' lang='lat' dir='ltr'><strong>rerunt</strong></span> <span class='ocrx_word' id='word_1_358' title='bbox 858 2884 977 2943; x_wconf 60' lang='lat' dir='ltr'><strong>genitias,</strong></span> <span class='ocrx_word' id='word_1_359' title='bbox 988 2885 1016 2930; x_wconf 72' lang='lat' dir='ltr'><strong>ui</strong></span> <span class='ocrx_word' id='word_1_360' title='bbox 1027 2883 1052 2928; x_wconf 72' lang='lat' dir='ltr'><strong>in</strong></span> <span class='ocrx_word' id='word_1_361' title='bbox 1063 2881 1143 2940; x_wconf 74' lang='lat' dir='ltr'><strong>majus</strong></span> <span class='ocrx_word' id='word_1_362' title='bbox 1153 2893 1209 2927; x_wconf 75' lang='lat' dir='ltr'><strong>orn-</strong></span> 
     </span>
     <span class='ocr_line' id='line_1_38' title="bbox 120 2942 1208 3009; baseline 0.002 -20"><span class='ocrx_word' id='word_1_363' title='bbox 120 2942 201 3003; x_wconf 83' lang='lat' dir='ltr'><strong>lpiuttt</strong></span> <span class='ocrx_word' id='word_1_364' title='bbox 218 2942 390 2992; x_wconf 74' lang='lat' dir='ltr'><strong>reconciliavit</strong></span> <span class='ocrx_word' id='word_1_365' title='bbox 405 2944 467 3005; x_wconf 85' lang='lat' dir='ltr'><strong>sibi,</strong></span> <span class='ocrx_word' id='word_1_366' title='bbox 483 2946 511 2993; x_wconf 91' lang='lat' dir='ltr'><strong>ut</strong></span> <span class='ocrx_word' id='word_1_367' title='bbox 527 2946 570 2993; x_wconf 74' lang='lat' dir='ltr'><strong>illi!</strong></span> <span class='ocrx_word' id='word_1_368' title='bbox 588 2959 651 3006; x_wconf 78' lang='lat' dir='ltr'><strong>[ll&#39;ae-</strong></span> <span class='ocrx_word' id='word_1_369' title='bbox 677 2955 717 3000; x_wconf 81' lang='lat' dir='ltr'><strong>nia</strong></span> <span class='ocrx_word' id='word_1_370' title='bbox 733 2953 816 3001; x_wconf 72' lang='lat' dir='ltr'><strong>verbis</strong></span> <span class='ocrx_word' id='word_1_371' title='bbox 836 2953 958 3001; x_wconf 71' lang='lat' dir='ltr'><strong>extollere</strong></span> <span class='ocrx_word' id='word_1_372' title='bbox 984 2952 1080 3009; x_wconf 60' lang='lat' dir='ltr'><strong>solent,</strong></span> <span class='ocrx_word' id='word_1_373' title='bbox 1100 2950 1208 2998; x_wconf 67' lang='lat' dir='ltr'><strong>Architn</strong></span> 
     </span>
     <span class='ocr_line' id='line_1_39' title="bbox 119 3012 1209 3081; baseline 0.006 -21"><span class='ocrx_word' id='word_1_374' title='bbox 119 3012 197 3074; x_wconf 67' lang='lat' dir='ltr'><strong>reptes</strong></span> <span class='ocrx_word' id='word_1_375' title='bbox 214 3013 395 3062; x_wconf 82' lang='lat' dir='ltr'><strong>benedictionis</strong></span> <span class='ocrx_word' id='word_1_376' title='bbox 414 3028 464 3062; x_wconf 87' lang='lat' dir='ltr'><strong>iton</strong></span> <span class='ocrx_word' id='word_1_377' title='bbox 483 3016 651 3069; x_wconf 80' lang='lat' dir='ltr'><strong>meminisset.</strong></span> <span class='ocrx_word' id='word_1_378' title='bbox 675 3023 802 3069; x_wconf 69' lang='lat' dir='ltr'><strong>&#39;turentini</strong></span> <span class='ocrx_word' id='word_1_379' title='bbox 818 3022 911 3070; x_wconf 89' lang='lat' dir='ltr'><strong>dictum</strong></span> <span class='ocrx_word' id='word_1_380' title='bbox 930 3021 1083 3081; x_wconf 82' lang='lat' dir='ltr'><strong>philosophi,</strong></span> <span class='ocrx_word' id='word_1_381' title='bbox 1096 3019 1161 3079; x_wconf 90' lang='lat' dir='ltr'><strong>quod</strong></span> <span class='ocrx_word' id='word_1_382' title='bbox 1177 3019 1209 3067; x_wconf 79' lang='lat' dir='ltr'><strong>ad</strong></span> 
     </span>
     <span class='ocr_line' id='line_1_40' title="bbox 120 3083 1208 3146; baseline 0.005 -17"><span class='ocrx_word' id='word_1_383' title='bbox 120 3083 274 3131; x_wconf 77' lang='lat' dir='ltr'><strong>meminisset</strong></span> <span class='ocrx_word' id='word_1_384' title='bbox 285 3083 373 3132; x_wconf 77' lang='lat' dir='ltr'><strong>delatas</strong></span> <span class='ocrx_word' id='word_1_385' title='bbox 383 3085 555 3134; x_wconf 76' lang='lat' dir='ltr'><strong>satisfactionis</strong></span> <span class='ocrx_word' id='word_1_386' title='bbox 565 3086 571 3132; x_wconf 85' lang='lat' dir='ltr'><strong>l</strong></span> <span class='ocrx_word' id='word_1_387' title='bbox 678 3092 789 3138; x_wconf 80' lang='lat' dir='ltr'><strong>villicum</strong></span> <span class='ocrx_word' id='word_1_388' title='bbox 799 3103 872 3137; x_wconf 91' lang='lat' dir='ltr'><strong>suum</strong></span> <span class='ocrx_word' id='word_1_389' title='bbox 882 3090 976 3137; x_wconf 84' lang='lat' dir='ltr'><strong>dixerit</strong></span> <span class='ocrx_word' id='word_1_390' title='bbox 988 3102 995 3134; x_wconf 76' lang='lat' dir='ltr'><strong>r</strong></span> <span class='ocrx_word' id='word_1_391' title='bbox 1005 3091 1023 3135; x_wconf 92' lang='lat'>0</span> <span class='ocrx_word' id='word_1_392' title='bbox 1036 3092 1059 3136; x_wconf 88' lang='lat' dir='ltr'><strong>te</strong></span> <span class='ocrx_word' id='word_1_393' title='bbox 1071 3088 1208 3146; x_wconf 80' lang='lat' dir='ltr'><strong>infelicem,</strong></span> 
     </span>
     <span class='ocr_line' id='line_1_41' title="bbox 151 3153 1207 3219; baseline 0.002 -18"><span class='ocrx_word' id='word_1_394' title='bbox 151 3153 190 3201; x_wconf 78' lang='lat' dir='ltr'><strong>ni.</strong></span> <span class='ocrx_word' id='word_1_395' title='bbox 201 3155 262 3214; x_wconf 80' lang='lat' dir='ltr'><strong>Ergo</strong></span> <span class='ocrx_word' id='word_1_396' title='bbox 272 3155 292 3201; x_wconf 89' lang='lat' dir='ltr'><strong>si</strong></span> <span class='ocrx_word' id='word_1_397' title='bbox 303 3157 451 3215; x_wconf 73' lang='lat' dir='ltr'><strong>praevenerit</strong></span> <span class='ocrx_word' id='word_1_398' title='bbox 461 3158 487 3204; x_wconf 93' lang='lat' dir='ltr'><strong>et</strong></span> <span class='ocrx_word' id='word_1_399' title='bbox 498 3168 653 3217; x_wconf 75' lang='lat' dir='ltr'><strong>praeoccupa·</strong></span> <span class='ocrx_word' id='word_1_400' title='bbox 676 3172 750 3219; x_wconf 83' lang='lat' dir='ltr'><strong>quem</strong></span> <span class='ocrx_word' id='word_1_401' title='bbox 768 3159 928 3216; x_wconf 84' lang='lat' dir='ltr'><strong>aitlicturem,</strong></span> <span class='ocrx_word' id='word_1_402' title='bbox 947 3158 996 3205; x_wconf 83' lang='lat' dir='ltr'><strong>nisi</strong></span> <span class='ocrx_word' id='word_1_403' title='bbox 1015 3158 1092 3204; x_wconf 84' lang='lat' dir='ltr'><strong>iratus</strong></span> <span class='ocrx_word' id='word_1_404' title='bbox 1112 3157 1207 3205; x_wconf 63' lang='lat' dir='ltr'><strong>esseest</strong></span> 
     </span>
     <span class='ocr_line' id='line_1_42' title="bbox 120 3223 1208 3287; baseline 0.002 -17"><span class='ocrx_word' id='word_1_405' title='bbox 120 3223 374 3273; x_wconf 81' lang='lat' dir='ltr'><strong>rcritmcntemtuem</strong></span> <span class='ocrx_word' id='word_1_406' title='bbox 383 3226 510 3274; x_wconf 75' lang='lat' dir='ltr'><strong>necandis</strong></span> <span class='ocrx_word' id='word_1_407' title='bbox 521 3227 547 3273; x_wconf 90' lang='lat' dir='ltr'><strong>et</strong></span> <span class='ocrx_word' id='word_1_408' title='bbox 556 3226 653 3272; x_wconf 78' lang='lat' dir='ltr'><strong>adsceu·</strong></span> <span class='ocrx_word' id='word_1_409' title='bbox 678 3228 725 3275; x_wconf 84' lang='lat' dir='ltr'><strong>Sed</strong></span> <span class='ocrx_word' id='word_1_410' title='bbox 734 3230 784 3287; x_wconf 80' lang='lat' dir='ltr'><strong>jum</strong></span> <span class='ocrx_word' id='word_1_411' title='bbox 793 3228 871 3274; x_wconf 81' lang='lat' dir='ltr'><strong>travit</strong></span> <span class='ocrx_word' id='word_1_412' title='bbox 880 3231 905 3274; x_wconf 91' lang='lat' dir='ltr'><strong>et</strong></span> <span class='ocrx_word' id='word_1_413' title='bbox 916 3230 1032 3274; x_wconf 78' lang='lat' dir='ltr'><strong>armatam</strong></span> <span class='ocrx_word' id='word_1_414' title='bbox 1044 3225 1173 3272; x_wconf 80' lang='lat' dir='ltr'><strong>dexteram</strong></span> <span class='ocrx_word' id='word_1_415' title='bbox 1183 3225 1208 3272; x_wconf 93' lang='lat' dir='ltr'><strong>iu</strong></span> 
     </span>
     <span class='ocr_line' id='line_1_43' title="bbox 120 3293 1209 3357; baseline 0.001 -17"><span class='ocrx_word' id='word_1_416' title='bbox 120 3293 186 3341; x_wconf 88' lang='lat' dir='ltr'><strong>derit</strong></span> <span class='ocrx_word' id='word_1_417' title='bbox 197 3295 224 3341; x_wconf 90' lang='lat' dir='ltr'><strong>in</strong></span> <span class='ocrx_word' id='word_1_418' title='bbox 234 3294 274 3355; x_wconf 91' lang='lat' dir='ltr'><strong>te,</strong></span> <span class='ocrx_word' id='word_1_419' title='bbox 285 3307 335 3342; x_wconf 89' lang='lat' dir='ltr'><strong>non</strong></span> <span class='ocrx_word' id='word_1_420' title='bbox 347 3295 472 3357; x_wconf 80' lang='lat' dir='ltr'><strong>relinquas</strong></span> <span class='ocrx_word' id='word_1_421' title='bbox 480 3295 561 3343; x_wconf 89' lang='lat' dir='ltr'><strong>locum</strong></span> <span class='ocrx_word' id='word_1_422' title='bbox 573 3296 653 3343; x_wconf 92' lang='lat' dir='ltr'><strong>tuum.</strong></span> <span class='ocrx_word' id='word_1_423' title='bbox 679 3296 847 3357; x_wconf 74' lang='lat' dir='ltr'><strong>indignatione</strong></span> <span class='ocrx_word' id='word_1_424' title='bbox 866 3297 1051 3356; x_wconf 79' lang='lat' dir='ltr'><strong>compresserat.</strong></span> <span class='ocrx_word' id='word_1_425' title='bbox 1069 3296 1099 3341; x_wconf 77' lang='lat' dir='ltr'><strong>lit</strong></span> <span class='ocrx_word' id='word_1_426' title='bbox 1116 3294 1209 3354; x_wconf 79' lang='lat' dir='ltr'><strong>quantu</strong></span> 
     </span>
     <span class='ocr_line' id='line_1_44' title="bbox 120 3362 1210 3425; baseline -0.001 -15"><span class='ocrx_word' id='word_1_427' title='bbox 120 3362 199 3410; x_wconf 66' lang='lat' dir='ltr'><strong>laoctm</strong></span> <span class='ocrx_word' id='word_1_428' title='bbox 206 3363 265 3411; x_wconf 85' lang='lat' dir='ltr'><strong>tuus</strong></span> <span class='ocrx_word' id='word_1_429' title='bbox 278 3364 400 3425; x_wconf 77' lang='lat' dir='ltr'><strong>patientia</strong></span> <span class='ocrx_word' id='word_1_430' title='bbox 411 3366 463 3423; x_wconf 88' lang='lat' dir='ltr'><strong>est,</strong></span> <span class='ocrx_word' id='word_1_431' title='bbox 474 3364 541 3411; x_wconf 85' lang='lat' dir='ltr'><strong>locus</strong></span> <span class='ocrx_word' id='word_1_432' title='bbox 552 3364 610 3410; x_wconf 87' lang='lat' dir='ltr'><strong>tuus</strong></span> <span class='ocrx_word' id='word_1_433' title='bbox 616 3376 654 3411; x_wconf 85' lang='lat' dir='ltr'><strong>sa·</strong></span> <span class='ocrx_word' id='word_1_434' title='bbox 678 3366 734 3424; x_wconf 86' lang='lat' dir='ltr'><strong>plus</strong></span> <span class='ocrx_word' id='word_1_435' title='bbox 749 3367 787 3412; x_wconf 84' lang='lat' dir='ltr'><strong>est</strong></span> <span class='ocrx_word' id='word_1_436' title='bbox 804 3377 853 3411; x_wconf 88' lang='lat' dir='ltr'><strong>nou</strong></span> <span class='ocrx_word' id='word_1_437' title='bbox 865 3365 1055 3424; x_wconf 82' lang='lat' dir='ltr'><strong>remaledicere,</strong></span> <span class='ocrx_word' id='word_1_438' title='bbox 1072 3375 1145 3423; x_wconf 89' lang='lat' dir='ltr'><strong>quarn</strong></span> <span class='ocrx_word' id='word_1_439' title='bbox 1161 3375 1210 3410; x_wconf 89' lang='lat' dir='ltr'><strong>non</strong></span> 
     </span>
     <span class='ocr_line' id='line_1_45' title="bbox 121 3431 1210 3494; baseline -0.003 -14"><span class='ocrx_word' id='word_1_440' title='bbox 121 3432 217 3494; x_wconf 77' lang='lat' dir='ltr'><strong>pientia</strong></span> <span class='ocrx_word' id='word_1_441' title='bbox 234 3435 285 3493; x_wconf 84' lang='lat' dir='ltr'><strong>est,</strong></span> <span class='ocrx_word' id='word_1_442' title='bbox 294 3433 363 3481; x_wconf 89' lang='lat' dir='ltr'><strong>locus</strong></span> <span class='ocrx_word' id='word_1_443' title='bbox 377 3435 433 3480; x_wconf 87' lang='lat' dir='ltr'><strong>tuus</strong></span> <span class='ocrx_word' id='word_1_444' title='bbox 449 3433 513 3481; x_wconf 89' lang='lat' dir='ltr'><strong>ratio</strong></span> <span class='ocrx_word' id='word_1_445' title='bbox 522 3433 574 3491; x_wconf 90' lang='lat' dir='ltr'><strong>est,</strong></span> <span class='ocrx_word' id='word_1_446' title='bbox 587 3434 655 3481; x_wconf 88' lang='lat' dir='ltr'><strong>locus</strong></span> <span class='ocrx_word' id='word_1_447' title='bbox 679 3433 806 3480; x_wconf 77' lang='lat' dir='ltr'><strong>vindicare</strong></span> <span class='ocrx_word' id='word_1_448' title='bbox 816 3434 822 3478; x_wconf 91' lang='lat' dir='ltr'><strong>l</strong></span> <span class='ocrx_word' id='word_1_449' title='bbox 834 3435 863 3479; x_wconf 78' lang='lat' dir='ltr'><strong>tit</strong></span> <span class='ocrx_word' id='word_1_450' title='bbox 871 3434 1001 3480; x_wconf 79' lang='lat' dir='ltr'><strong>bellatores</strong></span> <span class='ocrx_word' id='word_1_451' title='bbox 1009 3433 1126 3479; x_wconf 82' lang='lat' dir='ltr'><strong>adversus</strong></span> <span class='ocrx_word' id='word_1_452' title='bbox 1134 3431 1210 3478; x_wconf 78' lang='lat' dir='ltr'><strong>ticini</strong></span> 
     </span>
     <span class='ocr_line' id='line_1_46' title="bbox 120 3499 1210 3562; baseline -0.005 -11"><span class='ocrx_word' id='word_1_453' title='bbox 120 3503 179 3551; x_wconf 85' lang='lat' dir='ltr'><strong>tnui</strong></span> <span class='ocrx_word' id='word_1_454' title='bbox 187 3501 281 3550; x_wconf 85' lang='lat' dir='ltr'><strong>sedatio</strong></span> <span class='ocrx_word' id='word_1_455' title='bbox 296 3501 471 3561; x_wconf 70' lang='lat' dir='ltr'><strong>indignationis</strong></span> <span class='ocrx_word' id='word_1_456' title='bbox 481 3502 528 3547; x_wconf 90' lang='lat' dir='ltr'><strong>est.</strong></span> <span class='ocrx_word' id='word_1_457' title='bbox 540 3502 587 3549; x_wconf 77' lang='lat' dir='ltr'><strong>Aut</strong></span> <span class='ocrx_word' id='word_1_458' title='bbox 598 3501 619 3549; x_wconf 87' lang='lat' dir='ltr'><strong>si</strong></span> <span class='ocrx_word' id='word_1_459' title='bbox 629 3503 653 3550; x_wconf 88' lang='lat' dir='ltr'><strong>te</strong></span> <span class='ocrx_word' id='word_1_460' title='bbox 679 3502 710 3550; x_wconf 81' lang='lat' dir='ltr'><strong>ad</strong></span> <span class='ocrx_word' id='word_1_461' title='bbox 726 3502 846 3549; x_wconf 87' lang='lat' dir='ltr'><strong>ultionem</strong></span> <span class='ocrx_word' id='word_1_462' title='bbox 861 3504 970 3562; x_wconf 84' lang='lat' dir='ltr'><strong>paratos,</strong></span> <span class='ocrx_word' id='word_1_463' title='bbox 982 3502 1076 3561; x_wconf 69' lang='lat' dir='ltr'><strong>illigati</strong></span> <span class='ocrx_word' id='word_1_464' title='bbox 1092 3499 1210 3560; x_wconf 74' lang='lat' dir='ltr'><strong>deprece-</strong></span> 
     </span>
     <span class='ocr_line' id='line_1_47' title="bbox 122 3569 1211 3631; baseline -0.002 -11"><span class='ocrx_word' id='word_1_465' title='bbox 122 3571 278 3620; x_wconf 86' lang='lat' dir='ltr'><strong>contumaclc</strong></span> <span class='ocrx_word' id='word_1_466' title='bbox 297 3569 467 3629; x_wconf 86' lang='lat' dir='ltr'><strong>respondentis</strong></span> <span class='ocrx_word' id='word_1_467' title='bbox 487 3570 605 3631; x_wconf 87' lang='lat' dir='ltr'><strong>moverit,</strong></span> <span class='ocrx_word' id='word_1_468' title='bbox 629 3574 655 3619; x_wconf 91' lang='lat' dir='ltr'><strong>et</strong></span> <span class='ocrx_word' id='word_1_469' title='bbox 680 3572 746 3619; x_wconf 90' lang='lat' dir='ltr'><strong>tione</strong></span> <span class='ocrx_word' id='word_1_470' title='bbox 771 3574 938 3619; x_wconf 78' lang='lat' dir='ltr'><strong>revocaverat.</strong></span> <span class='ocrx_word' id='word_1_471' title='bbox 967 3573 1035 3619; x_wconf 88' lang='lat' dir='ltr'><strong>tlude</strong></span> <span class='ocrx_word' id='word_1_472' title='bbox 1059 3571 1211 3618; x_wconf 81' lang='lat' dir='ltr'><strong>advertimus</strong></span> 
     </span>
     <span class='ocr_line' id='line_1_48' title="bbox 121 3638 1211 3701; baseline -0.001 -13"><span class='ocrx_word' id='word_1_473' title='bbox 121 3638 654 3701; x_wconf 81' lang='lat' dir='ltr'><strong>perrenitrstrnputeritadindignationem:</strong></span> <span class='ocrx_word' id='word_1_474' title='bbox 681 3639 834 3700; x_wconf 88' lang='lat' dir='ltr'><strong>tempestivis</strong></span> <span class='ocrx_word' id='word_1_475' title='bbox 864 3653 962 3700; x_wconf 67' lang='lat' dir='ltr'><strong>‹ruotrue</strong></span> <span class='ocrx_word' id='word_1_476' title='bbox 992 3639 1211 3687; x_wconf 86' lang='lat' dir='ltr'><strong>intercessionibus</strong></span> 
     </span>
     <span class='ocr_line' id='line_1_49' title="bbox 123 3707 1230 3770; baseline -0.002 -13"><span class='ocrx_word' id='word_1_477' title='bbox 123 3709 144 3757; x_wconf 86' lang='lat' dir='ltr'><strong>si</strong></span> <span class='ocrx_word' id='word_1_478' title='bbox 160 3721 209 3757; x_wconf 89' lang='lat' dir='ltr'><strong>non</strong></span> <span class='ocrx_word' id='word_1_479' title='bbox 223 3707 334 3769; x_wconf 83' lang='lat' dir='ltr'><strong>potueris</strong></span> <span class='ocrx_word' id='word_1_480' title='bbox 347 3707 460 3768; x_wconf 87' lang='lat' dir='ltr'><strong>mitigare</strong></span> <span class='ocrx_word' id='word_1_481' title='bbox 477 3710 600 3770; x_wconf 89' lang='lat' dir='ltr'><strong>mentem,</strong></span> <span class='ocrx_word' id='word_1_482' title='bbox 617 3723 656 3758; x_wconf 90' lang='lat' dir='ltr'><strong>rc·</strong></span> <span class='ocrx_word' id='word_1_483' title='bbox 681 3722 729 3757; x_wconf 92' lang='lat' dir='ltr'><strong>non</strong></span> <span class='ocrx_word' id='word_1_484' title='bbox 738 3709 816 3755; x_wconf 91' lang='lat' dir='ltr'><strong>solum</strong></span> <span class='ocrx_word' id='word_1_485' title='bbox 827 3710 980 3768; x_wconf 75' lang='lat' dir='ltr'><strong>cedentum,</strong></span> <span class='ocrx_word' id='word_1_486' title='bbox 990 3709 1034 3756; x_wconf 87' lang='lat' dir='ltr'><strong>sed</strong></span> <span class='ocrx_word' id='word_1_487' title='bbox 1043 3709 1117 3755; x_wconf 86' lang='lat' dir='ltr'><strong>etiam</strong></span> <span class='ocrx_word' id='word_1_488' title='bbox 1126 3708 1230 3756; x_wconf 76' lang='lat' dir='ltr'><strong>dolce-⁴</strong></span> 
     </span>
     <span class='ocr_line' id='line_1_50' title="bbox 122 3776 1211 3838; baseline 0 -14"><span class='ocrx_word' id='word_1_489' title='bbox 122 3776 405 3838; x_wconf 81' lang='lat' dir='ltr'><strong>primoliuguamtuam.</strong></span> <span class='ocrx_word' id='word_1_490' title='bbox 416 3776 656 3838; x_wconf 87' lang='lat' dir='ltr'><strong>Siccnimscriptum</strong></span> <span class='ocrx_word' id='word_1_491' title='bbox 681 3779 726 3825; x_wconf 77' lang='lat' dir='ltr'><strong>tari</strong></span> <span class='ocrx_word' id='word_1_492' title='bbox 745 3779 867 3837; x_wconf 86' lang='lat' dir='ltr'><strong>oportere.</strong></span> <span class='ocrx_word' id='word_1_493' title='bbox 880 3780 990 3837; x_wconf 65' lang='lat' dir='ltr'><strong>inungue</strong></span> <span class='ocrx_word' id='word_1_494' title='bbox 1001 3779 1085 3826; x_wconf 84' lang='lat' dir='ltr'><strong>autem</strong></span> <span class='ocrx_word' id='word_1_495' title='bbox 1103 3777 1211 3824; x_wconf 82' lang='lat' dir='ltr'><strong>delecta·</strong></span> 
     </span>
     <span class='ocr_line' id='line_1_51' title="bbox 124 3846 1211 3906; baseline 0.001 -14"><span class='ocrx_word' id='word_1_496' title='bbox 124 3848 161 3893; x_wconf 88' lang='lat' dir='ltr'><strong>ost</strong></span> <span class='ocrx_word' id='word_1_497' title='bbox 178 3860 185 3891; x_wconf 83' lang='lat' dir='ltr'><strong>r</strong></span> <span class='ocrx_word' id='word_1_498' title='bbox 202 3846 288 3896; x_wconf 83' lang='lat' dir='ltr'><strong>Celtibe</strong></span> <span class='ocrx_word' id='word_1_499' title='bbox 303 3846 411 3906; x_wconf 75' lang='lat' dir='ltr'><strong>linguent</strong></span> <span class='ocrx_word' id='word_1_500' title='bbox 428 3849 494 3894; x_wconf 78' lang='lat' dir='ltr'><strong>tuem</strong></span> <span class='ocrx_word' id='word_1_501' title='bbox 509 3863 525 3894; x_wconf 87' lang='lat' dir='ltr'><strong><em>a</em></strong></span> <span class='ocrx_word' id='word_1_502' title='bbox 543 3848 620 3905; x_wconf 76' lang='lat' dir='ltr'><strong>stralo,</strong></span> <span class='ocrx_word' id='word_1_503' title='bbox 634 3852 656 3896; x_wconf 86' lang='lat' dir='ltr'><strong>ct</strong></span> <span class='ocrx_word' id='word_1_504' title='bbox 681 3850 775 3906; x_wconf 79' lang='lat' dir='ltr'><strong>insert,</strong></span> <span class='ocrx_word' id='word_1_505' title='bbox 787 3849 816 3893; x_wconf 91' lang='lat' dir='ltr'><strong>ut</strong></span> <span class='ocrx_word' id='word_1_506' title='bbox 826 3846 1211 3905; x_wconf 78' lang='lat' dir='ltr'><strong>benediceretintervenientem,</strong></span> 
     </span>
     <span class='ocr_line' id='line_1_52' title="bbox 125 3915 1211 3978; baseline 0.004 -18"><span class='ocrx_word' id='word_1_507' title='bbox 125 3915 189 3962; x_wconf 84' lang='lat' dir='ltr'><strong>india</strong></span> <span class='ocrx_word' id='word_1_508' title='bbox 197 3919 238 3963; x_wconf 79' lang='lat' dir='ltr'><strong>tua</strong></span> <span class='ocrx_word' id='word_1_509' title='bbox 247 3930 276 3964; x_wconf 79' lang='lat' dir='ltr'><strong>nc</strong></span> <span class='ocrx_word' id='word_1_510' title='bbox 287 3916 413 3977; x_wconf 68' lang='lat' dir='ltr'><strong>mouentur</strong></span> <span class='ocrx_word' id='word_1_511' title='bbox 422 3916 509 3963; x_wconf 65' lang='lat' dir='ltr'><strong>miore.</strong></span> <span class='ocrx_word' id='word_1_512' title='bbox 519 3916 613 3964; x_wconf 86' lang='lat' dir='ltr'><strong>Deinde</strong></span> <span class='ocrx_word' id='word_1_513' title='bbox 620 3920 656 3963; x_wconf 80' lang='lat' dir='ltr'><strong>ie·</strong></span> <span class='ocrx_word' id='word_1_514' title='bbox 680 3918 746 3978; x_wconf 87' lang='lat' dir='ltr'><strong>quod</strong></span> <span class='ocrx_word' id='word_1_515' title='bbox 753 3917 869 3965; x_wconf 80' lang='lat' dir='ltr'><strong>ulistuclin</strong></span> <span class='ocrx_word' id='word_1_516' title='bbox 877 3917 993 3963; x_wconf 72' lang='lat' dir='ltr'><strong>vindicte</strong></span> <span class='ocrx_word' id='word_1_517' title='bbox 1001 3918 1128 3962; x_wconf 82' lang='lat' dir='ltr'><strong>revocatus</strong></span> <span class='ocrx_word' id='word_1_518' title='bbox 1137 3915 1211 3964; x_wconf 80' lang='lat' dir='ltr'><strong>toret.</strong></span> 
     </span>
     <span class='ocr_line' id='line_1_53' title="bbox 125 3985 1212 4046; baseline 0.003 -18"><span class='ocrx_word' id='word_1_519' title='bbox 125 3985 656 4046; x_wconf 68' lang='lat' dir='ltr'><strong>guircpnccnnelsegucreccrm.l¹acemillam</strong></span> <span class='ocrx_word' id='word_1_520' title='bbox 711 3988 749 4034; x_wconf 71' lang='lat'><strong>95.</strong></span> <span class='ocrx_word' id='word_1_521' title='bbox 767 3988 821 4034; x_wconf 78' lang='lat' dir='ltr'><strong>tutu</strong></span> <span class='ocrx_word' id='word_1_522' title='bbox 840 3986 938 4034; x_wconf 78' lang='lat' dir='ltr'><strong>dixerut</strong></span> <span class='ocrx_word' id='word_1_523' title='bbox 955 3987 986 4034; x_wconf 89' lang='lat' dir='ltr'><strong>dc</strong></span> <span class='ocrx_word' id='word_1_524' title='bbox 1006 3985 1114 4033; x_wconf 81' lang='lat' dir='ltr'><strong>inimicis</strong></span> <span class='ocrx_word' id='word_1_525' title='bbox 1132 3987 1185 4034; x_wconf 86' lang='lat' dir='ltr'><strong>suis</strong></span> <span class='ocrx_word' id='word_1_526' title='bbox 1203 3999 1212 4031; x_wconf 81' lang='lat' dir='ltr'><strong>r</strong></span> 
     </span>
     <span class='ocr_line' id='line_1_54' title="bbox 125 4052 1213 4118; baseline -0.002 -14"><span class='ocrx_word' id='word_1_527' title='bbox 125 4052 200 4104; x_wconf 68' lang='lat' dir='ltr'><strong>mucii</strong></span> <span class='ocrx_word' id='word_1_528' title='bbox 216 4055 290 4103; x_wconf 84' lang='lat' dir='ltr'><strong>Jacob</strong></span> <span class='ocrx_word' id='word_1_529' title='bbox 305 4056 377 4117; x_wconf 85' lang='lat' dir='ltr'><strong>ride,</strong></span> <span class='ocrx_word' id='word_1_530' title='bbox 392 4069 440 4117; x_wconf 82' lang='lat' dir='ltr'><strong>qun</strong></span> <span class='ocrx_word' id='word_1_531' title='bbox 452 4057 477 4105; x_wconf 90' lang='lat' dir='ltr'><strong>tu</strong></span> <span class='ocrx_word' id='word_1_532' title='bbox 492 4055 600 4117; x_wconf 86' lang='lat' dir='ltr'><strong>primum</strong></span> <span class='ocrx_word' id='word_1_533' title='bbox 617 4070 656 4104; x_wconf 85' lang='lat' dir='ltr'><strong>se-</strong></span> <span class='ocrx_word' id='word_1_534' title='bbox 683 4057 801 4118; x_wconf 80' lang='lat' dir='ltr'><strong>Quoniom</strong></span> <span class='ocrx_word' id='word_1_535' title='bbox 814 4056 987 4104; x_wconf 69' lang='lat' dir='ltr'><strong>declinaverunt</strong></span> <span class='ocrx_word' id='word_1_536' title='bbox 1001 4057 1027 4102; x_wconf 82' lang='lat' dir='ltr'><strong>in</strong></span> <span class='ocrx_word' id='word_1_537' title='bbox 1042 4067 1080 4103; x_wconf 85' lang='lat' dir='ltr'><strong>mr</strong></span> <span class='ocrx_word' id='word_1_538' title='bbox 1097 4054 1213 4114; x_wconf 76' lang='lat' dir='ltr'><strong>iniqnita-</strong></span> 
     </span>
    </p>
   </div>
   <div class='ocr_carea' id='block_1_5' title="bbox 0 0 1335 4784">
    <p class='ocr_par' dir='ltr' id='par_1_6' title="bbox 0 0 1335 4784">
     <span class='ocr_line' id='line_1_55' title="bbox 0 0 1335 4784; baseline 0 0"><span class='ocrx_word' id='word_1_539' title='bbox 0 0 1335 4784; x_wconf 95' lang='lat' dir='ltr'><strong> </strong></span> 
     </span>
    </p>
   </div>
  </div>
 </body>
</html>
