2632 4784
380 463 628 509 urls'lonlnuld
647 464 789 514 cnissis
807 465 826 510 1.
1097 464 1143 513 253

86 542 224 593 Ambrosius
237 544 354 607 episeopus
365 547 425 594 dixit
436 545 516 603 :Caro
533 544 586 593 siue
614 546 714 594 solebas
725 559 738 599 s,
750 556 894 606 responsum
909 544 957 594 tibi
972 544 1010 594 est
1025 547 1144 606 quernud·

55 609 198 657 unimunon
210 611 327 670 loquitur.
612 615 713 662 modum
724 615 798 663 lilius
807 616 903 663 Putrem
912 614 1032 674 majorem
1041 614 1144 674 dixerit,

88 679 201 727 Eusebius
222 681 420 740 episcopusdixit
441 694 450 728 .·
469 679 535 728 lieus
560 679 586 726 in
612 695 642 730 eo
653 684 719 743 quod
728 684 863 736 secundum
872 683 953 732 csrnis
961 683 1143 742 susceptionem

57 758 129 795 carne
148 748 295 808 loquebatur
318 750 451 797 secundum
471 761 585 808 carnem,
611 752 682 799 Pater
700 754 778 811 major
794 754 832 801 est
850 765 888 800 eo.
900 751 1051 812 Proposuisti
1066 753 1141 800 etiam

57 815 154 874 quando
164 816 282 865 dicebat:
296 819 355 879 Quid
369 832 407 865 me
421 821 587 880 persequimini
612 821 750 879 subjectum
765 834 819 870 esse
834 820 923 869 lilium
940 821 1003 880 liei3
1016 822 1042 868 ot
1057 821 1083 868 iu
1094 821 1141 869 boc

57 883 257 944 bomincthuis
268 885 314 934 boe
324 883 403 933 dixit!
611 890 1141 951 responsumtlbiest,quiusubjoctusl'ilius

86 953 208 1002 Palladius
218 953 452 1002 diuitsliliusliet.
611 958 912 1007 beisccnndumcamem
924 960 1035 1018 est,non
1051 970 1141 1007 secuu-

86 1022 225 1081 Anbrosiua
237 1026 354 1084 episcopus
362 1025 423 1072 dixit
433 1038 442 1069 .·
452 1024 519 1071 Deus
528 1035 585 1084 erpo
611 1023 670 1071 dum
690 1026 855 1074 diuinitatem.
867 1026 948 1074 liabeo
962 1026 1140 1086 proiessionem

58 1090 132 1139 lilius
143 1091 191 1139 Dei
204 1093 242 1140 est
257 1092 392 1141 secundum
411 1092 584 1152 diuinitatem,
610 1093 731 1151 nostram,
752 1105 817 1142 nunc
833 1094 891 1141 audi
910 1094 1008 1142 cetera.
1019 1093 1138 1151 Quoniam

58 1159 358 1210 etbomoestsecundum
369 1172 478 1208 curnem.
610 1161 656 1208 tibi
665 1174 808 1222 responsum
819 1161 991 1223 cst,respondc
998 1161 1030 1209 ad
1037 1173 1077 1220 eu,
1084 1173 1139 1222 qun

87 1229 209 1278 Palladius
218 1232 279 1278 dixit
290 1246 298 1278 s
309 1231 411 1278 Carnem
421 1227 538 1289 suscepit.
610 1230 733 1289 leguntur.

88 1297 201 1346 Eusebius
221 1301 338 1359 episcopus
358 1300 440 1346 dixit:
455 1297 518 1358 Ergo
537 1296 585 1345 bu·
638 1296 678 1346 ²⁸3.
690 1301 812 1350 Pcttudius
826 1299 1026 1349 dixitsNontibl
1038 1309 1140 1358 respon·

56 1365 136 1413 munis
148 1366 231 1414 verbis
241 1379 300 1415 usus
310 1368 355 1414 est.
610 1366 669 1427 deu;
680 1369 737 1428 quia
756 1380 917 1429 quecumque
938 1380 983 1429 epo
1001 1368 1071 1425 dixi,
1088 1376 1139 1412 non

89 1436 207 1484 Palladius
223 1437 309 1485 dixit:
329 1436 431 1489 Carnem
450 1433 583 1483 bunonem
609 1439 767 1498 suntscripta
779 1452 786 1485 ι
800 1441 882 1488 vestra
893 1437 1062 1497 tautummodo
1080 1435 1139 1484 scri·

55 1503 172 1563 suscepit.
609 1503 701 1554 buntur
716 1507 953 1556 uerbusnonvobls
962 1505 1107 1566 respondeo.

86 1567 125 1617 tl.
142 1571 279 1623 Ambrosius
293 1574 410 1635 episcopus
421 1569 584 1622 uteitsbicst
638 1576 775 1626 Ambrosium
799 1578 916 1637 episcopus
940 1577 1001 1623 dixit
1021 1590 1029 1622 ε
1051 1572 1138 1621 Omnia

56 1638 115 1701 quia
131 1652 180 1688 non
197 1641 332 1689 secundum
351 1642 507 1691 divinitatem
519 1643 584 1701 Apo-
609 1642 678 1691 vides
688 1644 956 1705 scribilieuiquequae
967 1643 1138 1703 scriptasunt,

57 1707 133 1757 stolus
147 1709 212 1758 dixit
221 1712 360 1771 subjectum
370 1745 378 1772 ,
388 1710 432 1758 scd
448 1709 583 1759 secundum
608 1711 733 1760 abundant
746 1712 778 1761 ud
791 1715 841 1760 tuas
860 1712 995 1773 impictatis
1006 1712 1137 1759 indicium.

56 1787 173 1838 carnem3
191 1780 308 1840 scriptum
329 1781 367 1827 cst
387 1779 453 1827 enim
473 1792 481 1825 s
500 1777 583 1824 usos·
607 1783 639 1828 ut
649 1784 737 1829 addidit
751 1797 761 1828 .-
774 1783 915 1830 Cresturum
925 1780 989 1830 dicis
999 1780 1138 1842 Christum,

58 1844 124 1894 linuit
136 1849 279 1908 semtipsum
285 1880 294 1906 ,
305 1848 381 1906 foetus
391 1847 497 1894 obediens
511 1858 583 1904 usque
608 1849 741 1908 unnepasl
987 1861 993 1869 “

57 1915 90 1961 od
105 1917 211 1964 mortem
222 1917 251 1965 ln
260 1927 309 1978 quo
319 1928 377 1978 erpo
386 1913 583 1974 mortemsnsta·
637 1918 759 1966 pollemus
769 1918 830 1967 dicit
841 1932 849 1965 ε
860 1918 913 1966 lton
920 1915 1065 1978 respondeo.

57 1980 113 2030 situ
638 1985 896 2046 Ambrosiuscpiscopsu
904 1985 1136 2033 dicitsdnteboram

86 2053 208 2105 Palladius
218 2058 278 2106 dixit
288 2056 368 2117 :Quia
381 2066 407 2102 se
419 2049 568 2100 humiliavit.
608 2052 669 2099 citra
680 2052 774 2111 actam,
785 2066 842 2101 cum
850 2054 1040 2114 legereturquiu
1052 2053 1136 2101 Arrius

86 2123 223 2174 Ambrosius
232 2130 348 2187 episcopus
362 2125 422 2172 discit
436 2122 507 2170 :Non
517 2120 583 2168 divi·
608 2121 672 2169 dixit
691 2123 830 2169 creaturam
852 2122 993 2181 Christum,
1013 2120 1106 2180 negasti
1126 2133 1134 2167 s

57 2187 136 2250 nitas,
153 2193 196 2239 sed
225 2206 280 2241 caro
302 2189 430 2240 humiliate
451 2191 489 2237 est
509 2190 582 2246 atque
608 2188 1136 2252 oblatumesttibi,utdamuaresperlidianu,

57 2258 174 2318 subjecte.
186 2263 217 2309 ut
225 2265 311 2310 addedd
322 2277 330 2310 .·
341 2261 480 2308 &caturam
488 2257 584 2319 perlec-
608 2260 706 2308 uoluisti
719 2275 726 2306 ι
738 2261 778 2307 vel
797 2273 862 2308 nunc
873 2260 914 2308 dic
925 2261 1007 2307 utrum
1019 2259 1092 2306 natus
1102 2269 1136 2306 cx

57 2324 108 2374 tam
118 2329 181 2377 bene
193 2330 258 2378 dixit
268 2332 361 2390 Anius,
372 2342 403 2376 un
413 2330 478 2377 mule
488 2325 568 2374 dixit!
607 2332 677 2378 Patre
687 2331 797 2378 Christus
807 2331 855 2390 sit,
866 2342 898 2377 an
908 2327 1020 2378 orestus!

87 2399 208 2448 Palladius
217 2401 277 2448 dixit
290 2402 355 2460 :Ego
365 2399 413 2448 tibi
424 2410 472 2445 non
484 2407 584 2454 respon-
639 2400 759 2448 l’ollodius
768 2402 828 2448 dixit
838 2416 846 2447 .-
857 2399 883 2446 Si
891 2399 979 2457 rultls,
991 2397 1136 2458 exceptores

56 2461 103 2513 deo
114 2468 287 2515 auctoritatem
303 2481 352 2516 non
363 2466 476 2515 babenti.
608 2468 684 2527 nostpi
697 2468 805 2528 ueniant,
815 2471 841 2517 et
850 2467 885 2515 sic
896 2468 975 2515 totum
986 2467 1134 2525 excipiatur.

86 2534 223 2586 Ambrosius
241 2540 357 2598 episcopm
367 2537 428 2583 dicit
443 2550 451 2583 a
468 2532 583 2581 Profitere
638 2537 739 2585 sabinus
750 2539 867 2598 episcopus
876 2535 1136 2584 dixitaddducatsuos

55 2604 178 2663 quodvis.
609 2607 762 2664 exceptores.

86 2674 208 2720 Palladius
215 2675 276 2722 dixit
284 2675 350 2722 :lton
362 2675 497 2734 respondeo
505 2675 583 2724 robis.
638 2676 760 2723 l’oltudiiu
774 2675 834 2723 dixit
845 2674 938 2723 :Pleno
948 2672 1055 2722 Concilio
1065 2670 1135 2720 uobis

85 2738 126 2785 ti.
138 2741 239 2789 sabinus
249 2746 365 2803 epsicopus
375 2745 452 2791 dixit:
464 2745 584 2791 Prodrrlo
608 2742 819 2803 respondebimus.

58 2819 108 2854 non
134 2809 283 2870 respondes,
305 2810 337 2858 nd
362 2811 511 2873 interrogate
535 2825 584 2862 uon
637 2808 942 2871 tt.Ambrosiusepiscopsu
954 2807 1136 2858 disitsiitalus

57 2877 207 2936 respondes?
609 2879 750 2927 intractato
764 2879 855 2928 Nicseui
864 2878 966 2927 Consilii
982 2877 1135 2936 subscripsit.

88 2950 208 2998 Palladius
225 2951 287 2998 dixit
304 2965 313 2998 .·
328 2951 373 2999 Pro
390 2950 460 3001 Arrio
480 2965 524 3013 epo
534 2965 584 3002 non
608 2949 939 3009 llepetiuctuur,quiavenit
949 2948 1135 2997 adcoucilium.

54 3019 178 3078 respondi.
608 3017 679 3065 liicat
698 3017 771 3065 bodie
799 3018 886 3064 utrum
915 3015 1089 3075 subscripserit
1108 3015 1136 3063 lu

86 3089 188 3138 Sabinus
203 3091 391 3151 episcopusdixit
406 3105 415 3139 .·
426 3091 506 3152 Usque
522 3092 584 3139 adeo
609 3087 713 3134 tractatu
723 3085 814 3133 Nicaeni
825 3085 945 3143 Consilii,
957 3096 988 3131 sn
999 3096 1057 3131 non.

55 3156 217 3218 respondisti,
227 3159 256 3206 ut
269 3159 358 3206 Filium
368 3160 415 3206 liet
428 3171 584 3222 nenarespo-
639 3157 742 3213 Cumque
756 3155 848 3201 Attalus
866 3156 985 3210 reticeret,
999 3153 1137 3200 Ambrosius

57 3224 165 3282 tentem,
175 3223 277 3284 negares
287 3236 374 3272 verum
382 3225 471 3271 lienam
608 3224 724 3281 episcopus
733 3223 794 3267 dixit
806 3235 814 3267 .-
826 3221 921 3267 Attalus
938 3219 1067 3278 presbyter
1077 3220 1137 3266 lieet

90 3295 209 3341 Palladius
223 3294 284 3341 dixit
295 3308 303 3339 s
315 3295 363 3352 Ego
375 3296 400 3340 te
408 3292 521 3350 judicem
535 3305 585 3341 non
611 3290 676 3337 inter
686 3288 798 3335 Arrianus
808 3286 855 3347 sit,
865 3288 948 3334 tanuen
958 3286 1035 3334 babet
1053 3287 1138 3333 sucto-

57 3360 379 3421 patior,quemimpietatis
388 3371 469 3417 urguo.
610 3357 707 3403 ritatem
730 3354 844 3416 loquendi
864 3367 871 3400 ε
892 3354 971 3402 libere
995 3353 1138 3412 protiteatnr

88 3432 188 3480 Sabinus
197 3430 381 3491 episcopusdixit
391 3441 399 3474 .·
410 3429 464 3488 lpse
475 3438 518 3475 nos
528 3439 586 3476 coe·
611 3428 693 3472 utrum
703 3424 876 3483 subscripserit
886 3423 912 3470 in
932 3422 1037 3470 tractatu
1047 3423 1138 3471 liicaeni

58 3501 114 3561 gluti
126 3501 223 3550 sedere.
610 3494 714 3541 concilii
732 3493 778 3542 sub
794 3495 910 3555 episcopt>
926 3503 971 3541 suu
988 3490 1138 3552 Agrippino,

90 3573 210 3620 Palladius
220 3566 586 3627 dixitsltlandsvlutsederetls,
611 3561 714 3610 annoni

58 3641 88 3690 ut
109 3654 236 3702 arguerem
258 3653 309 3688 uos.
328 3640 409 3696 Quare
429 3637 587 3698 subripuistis
641 3634 734 3680 Attolus
742 3632 802 3680 dixit
813 3632 884 3680 :lum
894 3629 984 3679 dixisti
995 3643 1035 3682 ms
1046 3630 1139 3690 aliquo·

59 3711 201 3771 imperatori
210 3710 220 3755 i
230 3710 262 3756 Ut
276 3709 377 3769 plenum
386 3707 522 3755 Concilium
538 3718 586 3753 non
612 3701 660 3749 ties
668 3701 808 3748 damnatum
818 3714 825 3746 s
837 3703 887 3747 nou
898 3701 943 3748 tibi
963 3699 1108 3760 respondeo.

61 3781 126 3827 esset
135 3813 142 3837 ,
151 3778 302 3839 obripuistis.
642 3770 779 3819 Ambrosius
788 3771 904 3829 episcopus
918 3770 980 3816 dicit
991 3784 999 3815 .·
1011 3767 1138 3827 Subscrip-

91 3848 228 3896 Ambross'us
237 3849 353 3908 episcopus
364 3846 425 3894 dixit
438 3843 587 3892 :Cumdrril
612 3839 666 3887 sisti
686 3838 713 3886 in
727 3838 835 3886 tractatu
857 3837 960 3885 concilii
980 3836 1088 3894 llicaeni,
1106 3847 1139 3883 an

61 3918 201 3976 impietates
211 3917 367 3976 legerentur,
378 3915 405 3963 et
421 3915 535 3975 impietas
546 3915 588 3961 tua
613 3908 679 3958 noni

61 3987 155 4048 pariter
165 3986 325 4033 condemnata
336 3986 387 4045 ost,
397 3998 453 4044 quus
464 3981 590 4030 consensit
643 3979 736 4029 Attalus
744 3979 805 4026 dimit
816 3993 824 4025 .·
835 3978 889 4025 lton
898 3976 945 4025 tibi
964 3973 1109 4035 respondeo.

62 4055 169 4102 Arrianae
186 4053 315 4113 impietati.
326 4052 421 4100 Placuit
436 4050 482 4099 tibi
498 4050 524 4097 in
536 4050 590 4111 epi·
643 4045 683 4096 td.
695 4049 816 4113 Palladius
825 4048 885 4095 dixit
896 4061 904 4093 ε
916 4044 1067 4098 llodnuultls
1076 4043 1141 4091 tran·

63 4124 124 4179 stola
133 4123 214 4171 media
224 4122 354 4171 lectionem
364 4129 589 4181 proponere,quum
615 4117 692 4166 tatum
702 4116 804 4176 pienum
818 4113 916 4169 haberi,
928 4127 958 4163 an
971 4109 1035 4160 uouit
