2632 4784
321 407 362 450 DE
376 408 454 451 ninii
468 407 896 459 nnsnnnncT10N1s,ntnnn
910 410 944 454 ii.
1121 404 1168 454 169
1253 426 1258 438 ·

82 485 127 535 sed
144 486 291 534 resuscitans
308 486 384 534 Deus.
395 489 462 534 Tunc
477 487 611 534 secundum
666 486 705 534 ot.
722 488 812 547 Utique
832 491 942 536 mortuus
962 489 998 536 est
1016 489 1121 546 Paulus,
1139 489 1166 537 et

82 564 183 600 omnem
198 551 285 612 bomo,
295 565 361 600 nunc
371 566 416 612 per
432 554 513 600 omnia
528 555 593 600 Dona
604 567 611 598 a
637 556 749 614 passione
760 557 897 603 venerabiii
907 557 982 603 vitam
994 557 1100 615 corporis
1110 567 1174 604 auur.

82 634 148 669 nunc
159 622 227 668 enim
237 623 373 670 secundum
389 634 487 669 caruem
500 623 551 681 jam
565 634 612 668 non
636 623 767 672 immortali
779 625 854 685 gioria
867 626 1026 672 eommutavit
1037 638 1044 670 a
1057 636 1116 671 nam
1129 623 1166 671 ie-

82 690 196 737 norimus
206 690 345 749 christum,
364 689 407 738 sed
417 690 497 738 carnis
511 689 612 748 gratiam
636 691 700 739 ieilit
721 705 779 753 erro
789 694 831 753 qui
848 706 875 740 se
887 694 1012 741 viventem
1031 692 1128 751 scripsit
1138 691 1165 738 iu

82 762 209 817 tenemns3
221 758 248 805 ut
258 757 339 818 ipsum
351 758 472 817 primitias
481 759 610 818 quiescen-
637 762 744 808 nubibus
759 763 856 809 obviam
872 763 968 810 Christo
992 775 1045 809 osse
1064 760 1164 821 rapien-

83 827 162 886 tium,
173 826 253 888 ipsum
264 827 454 886 primogenitum
467 840 499 874 ex
510 826 612 873 mortuis
636 828 709 875 dnmi
718 831 768 878 iios
777 832 843 878 enim
854 831 886 878 de
898 830 980 878 Enoch
992 830 1111 891 ierimus,
1122 829 1165 876 aut

83 896 233 944 noverimus.
256 894 376 942 Primitiae
394 894 480 954 utiquo
500 894 611 952 ejusdem
636 898 687 944 iilia
699 910 706 942 a
717 899 761 946 sed
772 899 797 947 ei
808 898 836 947 tu
847 899 952 960 rapieris
962 899 989 945 io
998 899 1164 959 spiritulieee

83 967 141 1011 sunt
151 965 330 1026 renorisatqne
338 965 446 1023 naturae,
458 964 563 1020 cujnset
574 974 612 1008 re·
635 979 722 1014 currus
740 968 814 1028 iiiia,
826 979 883 1016 ecoe
896 969 979 1028 ignes,
996 967 1043 1014 etsi
1056 980 1105 1014 nou
1124 965 1164 1013 rt·

84 1033 144 1093 liqui
154 1034 259 1091 tructus,
277 1044 381 1093 quorum
392 1045 437 1092 pro
447 1031 540 1079 laboro
556 1043 611 1089 pro-
635 1034 739 1095 dentur,
750 1037 883 1096 parantur;
894 1041 921 1083 ut
929 1037 1009 1095 iustus
1018 1035 1163 1093 adscendet,

86 1103 160 1150 sento
174 1101 299 1161 primitiva
316 1102 367 1148 Deo
383 1112 484 1148 munera
496 1100 612 1146 deterun—
635 1103 753 1151 innocens
765 1105 936 1164 transferatur,
951 1106 976 1152 et
988 1105 1029 1151 tua
1040 1104 1089 1151 vita
1102 1103 1163 1150 mori

84 1173 133 1228 tur,
152 1183 247 1218 sacrum
267 1181 356 1218 munus
376 1181 419 1227 pro
439 1169 567 1225 omnibus,
586 1168 611 1214 ot
635 1172 737 1219 nesciat.
749 1173 861 1232 Denique
872 1172 975 1232 apostoli
989 1169 1051 1218 mori
1066 1171 1164 1218 neseio-

84 1238 152 1296 qnasi
171 1238 288 1298 reparata}
304 1237 414 1296 quaedam
430 1235 547 1282 libamina
567 1247 610 1281 na·
634 1240 706 1297 runt3
719 1240 784 1288 unde
795 1242 822 1287 et
832 1241 924 1288 dietum
935 1241 987 1287 est:
999 1240 1083 1296 Arnen,
1095 1250 1164 1286 nonen

83 1303 611 1365 turae.Primitiaeerssoquieseentiumdbris·
634 1309 683 1354 dico
698 1309 775 1368 vobis,
789 1311 861 1368 moto
872 1324 903 1359 rx
917 1310 953 1357 oo
963 1307 1163 1356 adstantibn'raoa

85 1378 132 1423 tus.
148 1376 195 1423 seu
208 1378 290 1423 utrum
300 1387 398 1422 suorum
415 1373 609 1432 quiescentium,
634 1379 758 1436 potuim
769 1380 1064 1437 marcomannicam
1076 1379 1163 1424 ritino·

83 1446 126 1505 qui
137 1444 207 1505 qnasi
218 1444 302 1494 mortis
311 1445 421 1491 exsortes
430 1441 497 1488 dulei
504 1441 609 1501 quodam
633 1446 733 1496 bominis
747 1451 875 1497 venientem
896 1452 921 1496 ia
938 1461 1008 1508 repro
1026 1460 1077 1494 ooo.
1094 1445 1164 1493 Vivit

84 1526 169 1573 soporo
181 1514 324 1571 teneantur,
335 1525 365 1558 an
378 1511 488 1558 omnium
500 1512 609 1557 mortno-
634 1515 700 1561 enim
711 1517 753 1575 qui
766 1529 816 1564 non
827 1516 916 1576 habet,
927 1516 993 1577 quod
1008 1515 1125 1562 moriatur
1135 1513 1162 1560 iu

84 1581 154 1630 rnmi
164 1582 212 1629 Sed
223 1585 281 1630 sient
292 1586 316 1629 io
327 1583 403 1628 Adam
414 1593 493 1627 omaro
504 1581 610 1626 morino-
634 1595 677 1642 eo,
687 1586 729 1644 qui
749 1597 798 1633 non
812 1586 889 1634 hahet
902 1598 934 1632 εχ
955 1585 1055 1645 Egypto
1067 1583 1164 1630 alcea·

84 1647 608 1709 tar,itaetiactaristoomoraoioifieobnatur.
634 1655 744 1701 mentum
762 1655 861 1717 aliquod
883 1657 925 1702 ant
944 1654 1072 1702 vlncuinm
1092 1666 1099 1699 ε
1118 1653 1164 1701 aed

83 1721 167 1780 itaquo
178 1721 241 1767 sieut
252 1717 366 1778 primitiae
377 1715 462 1763 mortis
477 1715 504 1761 in
519 1714 609 1772 Adam,
634 1725 705 1770 exuit
722 1723 784 1770 {pud
803 1725 942 1784 priusquam
964 1724 1071 1783 comp,
1088 1721 1163 1781 huju,

84 1789 119 1836 ita
140 1789 215 1837 etiam
235 1785 351 1848 primitias
376 1782 562 1833 resurrectionis
583 1782 609 1830 iu
633 1789 1162 1849 deponatosticiumttonsolusitaqnebnoob

83 1859 187 1906 Christo.
634 1858 712 1916 vivit,
724 1859 781 1916 quia
795 1871 844 1906 non
856 1860 922 1906 solus
936 1858 1067 1917 ostrapius
1078 1870 1085 1903 a
1096 1855 1163 1915 rapi·

114 1925 153 1974 92.
164 1927 254 1977 Omnes
265 1927 410 1987 resurgunt,
428 1924 472 1973 sed
482 1934 555 1970 nemo
565 1921 610 1969 de-
632 1925 673 1970 inr
683 1926 708 1971 ot
719 1927 807 1973 i‘auins
825 1926 922 1973 obviam
935 1926 1039 1973 cbristo.

83 1997 177 2058 speret,
195 2009 277 2058 nequa
294 1998 374 2056 iustus
389 1994 471 2041 doleat
481 2002 609 2039 commune
663 1993 702 2040 aa.
714 1995 806 2043 vivunt
822 1995 897 2042 etiam
910 1993 1067 2053 patriarchae3
1079 2003 1162 2052 noque

82 2067 230 2115 consortium
236 2064 454 2124 resurgendi3eum
460 2059 609 2121 praecipuum
633 2063 781 2110 animaliter
791 2064 857 2110 Dona
867 2062 1002 2122 Abrabam,
1011 2061 1077 2107 Deus
1085 2060 1161 2118 lsaae,

82 2136 189 2184 inicium
200 2135 299 2182 virtutis
308 2133 442 2192 exspectet.
459 2132 542 2179 Omnes
557 2131 609 2188 qni·
634 2131 834 2190 sturionem,
846 2131 894 2178 nisi
905 2127 1163 2178 mortuirirerentdi·
1180 2149 1186 2158 ι

83 2207 135 2254 dem
145 2206 278 2265 usurpent,
295 2201 514 2261 redemptioque,
530 2197 560 2243 nt
574 2195 608 2243 ait
633 2202 744 2258 coretum
753 2201 894 2248 Densenim
900 2195 1161 2256 mortuorumnonest,

83 2275 221 2335 Apostolus,
232 2275 257 2319 io
267 2285 310 2319 roo
324 2272 413 2317 ordiar.
424 2265 562 2314 communis
573 2266 609 2312 est
633 2268 676 2314 sed
684 2268 831 2316 virentium.
840 2268 959 2316 Viremus
967 2265 1084 2326 etnos‚si
1095 2264 1162 2325 resia

83 2345 174 2393 dirime
183 2342 276 2389 frustm
286 2337 436 2396 dementia),
453 2335 497 2383 sod
507 2334 609 2381 distinc·
634 2351 760 2398 moresque
767 2340 886 2398 majorum
899 2338 1050 2386 voluerimus
1060 2334 1160 2383 imitari.

84 2405 609 2462 tusordomeritorum.Diesomnibnsiucet‚
633 2407 747 2454 btiramur
756 2407 947 2467 patriarcharum
955 2405 1068 2465 praemia,
1079 2403 1162 2450 imite-

83 2483 221 2532 solemnes
238 2475 433 2539 popuiosiovet,
453 2472 535 2531 pluvia
554 2484 609 2530 pos·
633 2488 688 2521 mur
709 2476 825 2536 obsequia
843 2473 1026 2535 :praedicamus
1043 2473 1161 2532 gratiam,

84 2552 203 2602 sessiones
218 2549 327 2597 omnium
342 2545 455 2594 uberiore
470 2541 548 2588 imbro
563 2541 609 2587 ioe·
633 2555 763 2602 sequamur
781 2543 960 2599 obedientiam,
979 2554 1027 2588 non
1043 2541 1105 2587 escis
1123 2539 1163 2586 in·

85 2622 182 2669 cundat.
633 2611 714 2669 ducti,
731 2612 813 2658 saculi
825 2612 925 2671 iaqueos
937 2610 1080 2658 incidamus.
1092 2607 1160 2654 Arri·

112 2691 152 2737 93.
172 2690 261 2736 Omnes
275 2687 412 2742 nascimur,
429 2693 514 2729 omnes
528 2692 609 2727 resur·
634 2680 729 2737 piamns
737 2679 947 2739 opportunitatem
964 2678 1090 2738 temporis,
1100 2688 1162 2736 prar-

85 2771 169 2817 ssomus
178 2772 185 2805 ι
194 2758 236 2804 sod
245 2758 270 2804 in
281 2756 385 2814 utroque
393 2751 433 2799 rel
444 2749 557 2808 vivendi,
568 2749 609 2796 vei
633 2749 750 2810 scriptum
757 2750 837 2810 lepis,
848 2748 1005 2796 elementiam
1016 2746 1161 2804 vocationis,

86 2825 248 2874 ;·oviriseeodi
262 2824 338 2883 gratia
346 2822 437 2881 dispar,
446 2817 544 2866 diversa
553 2831 609 2864 con·
633 2818 782 2865 desiderium
792 2817 919 2878 passionis.
928 2817 1048 2864 Exierunt
1056 2815 1086 2862 do
1096 2815 1161 2862 terra

85 2895 154 2944 ditio.
165 2896 316 2943 inritamento
325 2891 406 2948 enim,
417 2891 497 2938 inicio
508 2889 576 2944 oeoii,
585 2889 609 2934 io
633 2897 676 2932 sua
697 2887 855 2946 patriarcbae,
867 2885 893 2932 at
910 2897 955 2932 nos
969 2896 1087 2932 exeamus
1105 2894 1162 2944 pro·

83 2968 207 3015 sidobrim
225 2963 281 3012 tabo
296 2962 385 3008 mortni
400 2960 517 3017 resarserit
534 2959 609 3003 incor-
633 2957 711 3014 posito
721 2956 868 3016 deeorporis
878 2955 1016 3014 potestate;
1033 2966 1076 3000 nos
1089 2964 1163 3001 axau·

83 3039 155 3098 rupti,
163 3037 184 3081 rt
192 3047 234 3082 aar
241 3030 426 3080 immutabimur.
437 3025 576 3085 Quinetiam
583 3027 608 3071 in
633 3024 867 3085 musproposito,iiii
880 3024 982 3070 exsilio:
992 3022 1034 3070 sed
1044 3022 1160 3069 exsilio·

85 3108 137 3166 ipsa
145 3104 222 3152 morte
237 3099 369 3161 quieseunt
385 3095 426 3142 alii
437 3127 444 3152 ,
456 3095 543 3141 vivunt
553 3093 606 3141 aiii.
632 3107 680 3141 non
691 3095 819 3153 putarunt,
830 3092 893 3151 qnod
905 3093 1002 3139 dovotio
1010 3092 1104 3148 obiret,
1112 3102 1161 3138 non

85 3175 150 3219 Bona
167 3171 251 3232 quies,
272 3165 315 3213 sed
330 3165 381 3211 vita
392 3162 487 3207 metior.
500 3161 608 3219 nonique
634 3162 765 3208 necessitas
788 3160 929 3218 imperaret.
948 3159 986 3204 itti
1002 3160 1093 3204 terram
1111 3158 1163 3206 solo

85 3242 173 3289 Paulus
190 3232 306 3286 advitam
317 3232 411 3281 excitat
426 3231 608 3290 quiescentem,
633 3229 772 3283 mutarunt,
784 3237 828 3272 nos
839 3228 930 3271 terram
947 3225 1009 3270 ooeio
1021 3225 1159 3271 maternus:

84 3311 169 3357 <licens
180 3321 186 3353 :
199 3310 272 3366 Surqo
286 3305 327 3364 qni
336 3302 436 3355 dormis,
452 3301 473 3345 rt
486 3311 609 3357 exstirpes
634 3295 670 3343 itti
691 3293 854 3348 habitatione,
872 3304 915 3337 nos
929 3291 1026 3349 spiritu.
1040 3291 1089 3336 iilis
1104 3290 1162 3338 itiu-

83 3379 223 3433 morinia,et
231 3368 420 3422 idnonoobittibi
427 3368 540 3415 Christos.
550 3369 609 3424 Ergo
633 3364 750 3409 minatum
770 3361 846 3408 stellis
868 3359 956 3406 omium
975 3358 1109 3406 ostenderit
1125 3370 1162 3405 sa·

84 3448 124 3495 bio
133 3446 273 3502 excitatur,
283 3441 400 3496 utvirat,
413 3436 534 3484 utsimitis
542 3436 608 3482 Pauli
634 3430 822 3491 pientia,nostri
835 3429 913 3475 cordis
931 3429 1012 3474 oratos
1027 3427 1159 3474 itiuminet.

83 3517 130 3575 sit,
146 3517 174 3562 ut
188 3513 264 3574 possit
275 3511 356 3557 dicero
369 3521 376 3553 s
389 3508 448 3568 Quia
466 3518 508 3551 ons
524 3507 563 3564 qai
574 3506 609 3551 oi·
632 3501 671 3546 Sic
682 3500 755 3558 typus
772 3498 883 3555 veritati,
896 3499 921 3544 et
932 3497 1022 3543 veritas
1038 3496 1163 3543 coricurrit

83 3587 170 3641 vimus,
181 3596 229 3630 aoa
237 3582 400 3642 proeveniemus
410 3589 447 3623 ros
460 3576 499 3634 qni
509 3575 609 3619 dormie—
634 3571 699 3629 typo.

83 3657 147 3700 root.
170 3653 223 3698 Non
238 3651 304 3696 enim
321 3657 474 3693 communem
491 3643 555 3688 bunc
575 3643 610 3687 vi·
663 3637 827 3686 96.Abraltam
839 3638 937 3696 paratus
946 3635 1098 3694 excipiendis
1107 3635 1162 3682 bos·

83 3723 157 3769 vendi
168 3721 277 3780 loquitur
286 3728 355 3763 usum
365 3747 372 3773 ‚
381 3712 537 3772 spirandique
546 3723 608 3757 com·
634 3706 894 3767 pitibumndeiisneo,
904 3706 1007 3764 impiger
1015 3704 1162 3762 ministerio,

84 3791 212 3846 mercium,
221 3787 384 3835 sedrnnritnm
394 3779 543 3838 resurgendi.
551 3781 608 3824 Nam
634 3778 743 3838 promtus
754 3774 847 3832 officio,
862 3775 1006 3820 Trinitatem
1019 3775 1043 3819 in
1055 3775 1112 3830 typo
1123 3773 1162 3818 vi·

84 3870 139 3905 cum
154 3856 257 3901 dixisset
270 3867 276 3897 :
290 3854 320 3898 nt
340 3852 427 3896 mortni
437 3850 477 3909 qai
488 3851 511 3893 in
520 3847 610 3894 tliirrsto
634 3847 683 3902 dit,
692 3844 882 3904 hospitalitatem
890 3840 1161 3900 reiigionecnmuiarit,

83 3932 137 3977 soor
144 3961 151 3983 ,
163 3927 280 3983 rusorpeat
290 3925 361 3983 primi
366 3937 373 3980 ;
385 3920 490 3976 subiecit
501 3917 590 3963 doinde
603 3931 608 3960 ε
636 3913 842 3973 assuspirans,
854 3923 929 3958 unum
941 3911 1056 3965 adorans;
1070 3910 1092 3952 et
1105 3920 1160 3966 per·

84 3998 114 4044 Et
126 4010 168 4041 nos
180 3997 219 4054 qoi
230 3991 411 4048 virisionensium
421 3988 525 4035 eumiitia
536 3987 611 4046 rapio·
635 3996 748 4031 sonarnm
756 3982 912 4029 distinctione
921 3982 1027 4037 servata,
1041 3989 1115 4023 unum
1126 3977 1160 4024 ta·

83 4077 138 4112 anor
149 4067 173 4110 io
184 4062 283 4109 ordibus
299 4059 389 4105 oboiom
404 4058 494 4106 cbristo
506 4058 530 4102 io
546 4068 610 4103 otro.
637 4052 828 4099 rneonoroinum
837 4049 989 4106 nominabat,
999 4046 1075 4093 tribus
1085 4044 1161 4092 bono·
