2632 4784
510 524 552 571 ΒΕ
566 525 657 578 FIDE,
671 525 771 572 tinen
782 527 815 572 it.
1058 559 1060 562 >
1152 529 1201 580 3⁷3

111 601 223 664 eorporis
230 600 292 652 dicit
302 614 309 649 ι
320 602 546 653 sedcoddeelsrom‘
552 620 643 665 ιιιιαιιι,
671 607 784 666 Spiritus.
796 606 915 657 odoretur
929 608 1004 670 igitur
1019 613 1139 677 innius,
1150 628 1200 665 non

112 674 186 721 ὼιιιο
199 686 287 734 mrem
298 674 403 722 intonsos
411 675 462 722 tuos
469 674 593 724 imbellem
603 691 643 737 pe-
669 675 756 723 adorat
768 690 776 722 ι
786 677 902 725 laudabar
917 679 1038 742 Trinitas,
1048 695 1096 732 non
1106 684 1198 733 budat.

114 742 171 788 am
187 746 291 790 summ.
670 746 719 804 Ego
736 746 800 793 malo
818 745 882 794 sieut
902 745 1031 808 Seraphim
1046 751 1161 810 credere,
1172 751 1200 800 ot

146 810 201 859 lot.
218 813 288 872 Quod
304 811 325 861 sl
341 813 367 862 et
384 813 431 861 lroc
448 812 480 861 ad
495 813 644 863 calumniam
669 814 732 861 sicut
742 827 826 862 omues
835 815 971 866 Potestates
979 819 1137 881 virtutesque
1147 831 1197 869 cto·

114 878 209 939 trahis,
221 882 280 942 quia
289 880 433 928 interdixit
445 895 451 928 ι
463 885 644 931 Ponominimi-
669 883 743 930 lestcs
754 883 864 932 adorere.

114 960 153 996 cos
164 952 314 1002 tuosrctiam
325 951 398 998 Pater
410 951 643 1011 nahitadrnium,
904 975 974 991 -

113 1029 176 1076 quos
194 1019 271 1067 l'ilius
290 1021 392 1069 suscitet
412 1022 485 1081 alque
504 1021 615 1070 vivificet
635 1036 643 1069 ι
819 1051 945 1105 CAPUT
965 1055 1043 1107 xm

114 1087 188 1135 Nemo
198 1091 275 1146 cuim,
286 1089 382 1149 inquit,
392 1091 551 1149 potestoenire
560 1092 590 1137 od
599 1104 643 1148 me,
1043 1089 1053 1108 ⁹

114 1156 161 1203 nisi
169 1159 241 1204 Pater
248 1159 290 1217 put
299 1160 362 1206 misit
371 1171 422 1216 mc,
433 1161 566 1206 adtraxerit
575 1173 643 1206 eum:
669 1162 796 1205 Gondnmta
808 1167 885 1215 ludicii
900 1170 1008 1209 bominiel
1019 1170 1130 1220 slieporis,
1141 1173 1200 1212 liles-

114 1226 337 1284 03390remcppap0
351 1240 405 1274 mm
419 1229 446 1273 fn
459 1229 583 1274 „mm-mo
597 1229 643 1274 dic.
691 1218 778 1265 plasmas
797 1222 958 1269 Arrianorurn,
975 1223 1161 1274 sabellianorum,
1177 1230 1200 1267 st

113 1293 144 1341 nt
157 1295 186 1341 tu
196 1294 286 1341 sirium
296 1294 344 1341 net
361 1307 405 1355 pro
420 1295 563 1343 inormitate
582 1295 644 1342 aren
691 1269 1201 1382 fflgffgssgssdffifflssfflfflffgssgffi

114 1374 167 1409 ⁸³⁵0
188 1363 342 1423 subiectum,
367 1363 407 1411 cui
425 1364 498 1410 Pater
522 1362 642 1422 adtfflhils
691 1377 1201 1436 curistinecessrissuisadverssritssxpostuis«

113 1444 174 1492 quos
181 1432 224 1480 ille
232 1433 396 1480 innovissimo
404 1431 643 1480 diesuscitettliaec·
691 1433 802 1482 stonum,
816 1435 926 1483 iudicium
943 1437 983 1476 sibl
1003 1438 1200 1482 milimindrum

113 1500 169 1547 cine
180 1500 227 1547 tibi
238 1501 336 1548 videtur
347 1514 401 1548 esse
412 1500 546 1559 subiectio,
557 1500 583 1547 in
595 1513 642 1560 qus
690 1491 766 1535 ‘9²¹¹'-

113 1570 411 1630 repnumt’atriparntur,
422 1582 477 1617 cum
488 1568 643 1616 Pateradl'i·
699 1574 753 1622 loe.
776 1576 872 1625 terrun
893 1579 1110 1640 prosequutionem
1129 1580 1200 1630 inan

113 1637 175 1684 lium
185 1638 280 1696 trabat,
292 1640 317 1685 et
328 1637 459 1684 calumnie
467 1638 591 1685 locusuon
599 1637 642 1695 sit,
668 1641 1019 1706 videamup,qupmadm0dum
1028 1649 1144 1697 concup„
1152 1648 1200 1697 (ιω

112 1717 170 1753 eum
186 1707 252 1753 Patri
269 1718 372 1766 regnum
389 1706 467 1753 l'ilius
480 1706 576 1766 eadat,
595 1718 642 1753 uec
666 1711 784 1768 judicem.
796 1714 842 1763 Dic
858 1728 932 1774 seue,
948 1715 1002 1776 dic,
1014 1718 1113 1777 inquam
1127 1731 1134 1764 ι
1150 1719 1200 1778 ligo

113 1773 210 1836 aliquid
228 1773 388 1834 mittitur?
403 1775 460 1821 112⁰
482 1775 548 1822 euim
569 1774 643 1822 docit-
668 1780 892 1845 te,cnriste‚puto
903 1797 957 1832 esse
968 1785 1113 1833 dissimilem
1122 1786 1199 1834 Patri.

113 1845 198 1891 menta
217 1843 318 1904 pietatis
344 1844 416 1901 sunt,
441 1842 507 1903 quod
527 1843 552 1890 ot
571 1845 643 1890 Pater
668 1851 833 1910 Respondebit
841 1854 867 1900 et
875 1852 1105 1913 illerlllscerue,sl
1115 1855 1199 1914 puteos

113 1912 189 1972 l'llio,
206 1915 232 1959 et
242 1912 319 1959 l'ilius
334 1912 510 1970 Patritrada13
529 1911 564 1959 ita
575 1913 641 1959 enim
668 1917 794 1979 discerne,
815 1920 928 1982 inquam,
945 1920 973 1968 ln
987 1933 1037 1982 quo
1054 1922 1128 1982 putes
1145 1932 1199 1971 esse

114 1981 162 2030 sibl
170 1980 283 2039 tradunt,
300 1980 330 2027 ut
340 1992 421 2040 neque
432 1980 476 2026 ille
484 1979 528 2039 qui
538 1980 642 2039 accipit,
668 1985 821 2036 dissimilem,

111 2051 183 2113 quasi
191 2051 301 2099 alienum
308 2049 422 2111 adquirat
433 2062 439 2095 :
451 2061 497 2097 uec
507 2048 550 2111 qul
559 2049 642 2109 tradit,
698 2057 751 2105 409.
763 2058 809 2107 Die
821 2058 890 2107 allud
901 2071 908 2106 ς
919 2059 1075 2119 crossum,
1086 2058 1200 2120 ιῃῃιω,

114 2121 220 2169 amittat.
667 2126 692 2173 te
712 2126 826 2176 arbitror.
842 2128 1009 2190 Respondebit
1024 2129 1049 2175 et
1065 2127 1176 2176 Christus
1189 2137 1200 2175 t

143 2192 199 2240 los.
227 2190 263 2238 ld
288 2189 418 2239 dexteram
438 2202 537 2252 quoque
555 2190 642 2239 sedere
667 2195 692 2243 Si
704 2196 808 2244 duorum
825 2196 953 2246 bominum
969 2197 1140 2245 testimonium
1154 2205 1201 2244 vs-

112 2262 184 2310 nulla
195 2263 306 2322 praelatio
317 2262 368 2320 est,
378 2275 460 2322 neque
474 2261 506 2308 ed
519 2261 642 2309 sinistram
669 2277 723 2311 rum
734 2266 786 2325 est,
796 2266 824 2312 tn
834 2277 882 2313 nec
892 2265 955 2313 mibi
962 2297 970 2323 ,
978 2276 1026 2312 nec
1034 2264 1101 2312 Petri
1112 2263 1200 2311 seiten

111 2331 221 2391 iujuria3
232 2332 427 2379 divinitasenim
439 2331 641 2390 predumnescil,
668 2333 769 2381 credere
790 2332 911 2394 debuisti,
929 2333 973 2394 qui
989 2333 1100 2394 deultum
1117 2331 1202 2379 uomi-

110 2412 160 2449 uec
180 2400 234 2447 loco
253 2402 334 2459 aliquo
353 2400 575 2458 circumscribitur,
596 2412 643 2447 nec
670 2401 757 2449 unviti
1195 2414 1199 2424 ·

112 2469 268 2528 temporibus
283 2468 408 2515 delinitur.
425 2468 539 2525 Augustis
555 2465 643 2514 animis
699 2471 752 2518 tlt).
763 2473 870 2532 Bonum,
881 2471 1074 2534 innumero.
1085 2469 1157 2518 Dicet
1174 2469 1202 2517 ct

114 2534 643 2596 hominesistapensemusltulladilierentia
669 2539 711 2587 ilie
723 2553 730 2586 ι
741 2541 795 2587 Fiat
808 2541 855 2588 tibt
871 2541 1008 2588 secundum
1025 2538 1099 2587 tidem
1118 2538 1201 2597 tuam,

115 2606 234 2665 usitatis,
241 2607 337 2654 nullum
348 2606 480 2652 discrimen
487 2605 524 2652 est
532 2605 642 2652 unitatis.
668 2609 697 2655 nt
707 2608 754 2655 tibi
765 2609 843 2656 bonus
853 2621 902 2656 non
912 2609 969 2656 sim.

144 2674 198 2722 l06.
209 2674 257 2722 Sed
268 2688 313 2722 cnr
322 2676 418 2733 longius
434 2671 643 2732 evapemurtcir·
700 2677 754 2724 lsi.
780 2676 979 2738 omnipotentem
1005 2687 1056 2724 non
1083 2673 1199 2723 arbitror.

114 2744 286 2803 cumspectasti
305 2744 402 2802 omnia,
418 2742 503 2790 vidisti
520 2742 642 2802 iudicem,
669 2745 835 2806 Respondebit
849 2746 875 2794 et
885 2746 939 2806 lpse
951 2758 958 2790 ι
969 2744 1133 2804 nonnosum
1143 2752 1201 2802 erpo

114 2813 240 2861 advertisti
249 2814 352 2872 Angelos
360 2811 529 2871 predicantes.
543 2811 582 2858 llli
591 2812 643 2859 lau·
668 2814 715 2863 tibi
726 2816 768 2861 tua
779 2815 880 2874 peccata
891 2814 992 2862 donare.

114 2882 187 2939 dant,
199 2882 224 2928 et
233 2881 261 2927 tu
271 2881 413 2940 vituperas!
425 2880 608 2928 nominationes
619 2883 645 2928 et
699 2882 753 2929 lli.
763 2882 908 2941 subjectum
917 2882 981 2929 dico.
990 2879 1130 2929 lieteretad
1138 2880 1200 2928 noce

113 2948 249 2997 potestates
260 2948 421 3006 venerantur,
434 2949 459 2995 et
470 2949 497 2995 tu
508 2947 644 2995 calumnia-
668 2954 716 3000 cnr
732 2951 808 3011 igitur
817 2952 960 2998 libertatem
971 2961 1000 2997 ac
1011 2950 1110 2997 veniam
1128 2948 1159 2995 ab
1169 2960 1200 2997 eo

114 3019 165 3067 ris!
184 3019 289 3065 Adorant
306 3030 391 3065 omnes
408 3016 487 3064 sancti
506 3016 560 3074 eius
576 3028 644 3064 :non
669 3021 829 3080 petis‚quem
837 3019 909 3079 putas
916 3030 960 3077 pro
969 3017 1071 3066 servitio
1079 3017 1201 3065 essesub-

113 3088 198 3137 adorat
209 3088 254 3135 Dei
273 3089 362 3146 Filius,
373 3099 421 3134 uon
435 3085 521 3132 adoret
539 3084 644 3144 Spiritus
668 3087 781 3146 jectum!

114 3159 220 3206 sauctus.
242 3157 370 3217 Seraphim
388 3154 474 3202 dicunt
498 3166 505 3198 ι
530 3154 644 3211 Saucius,
704 3158 758 3202 ll3.
777 3157 854 3205 video
870 3158 965 3207 herere
984 3154 1202 3217 prosequutionem

114 3229 339 3283 sanctonensis.
670 3227 737 3271 tuam
757 3234 764 3269 t
782 3235 832 3270 non
856 3238 945 3284 niueo,
963 3224 1021 3283 quie
1045 3223 1203 3281 peccatorum

146 3295 200 3343 lot.
218 3294 281 3352 Quid
299 3295 347 3341 sibi
359 3294 413 3340 vult
424 3292 469 3340 sub
479 3304 530 3340 uno
545 3290 644 3340 nomine
670 3287 1204 3352 meorumlpsesumconsciusltoninvideo

114 3364 251 3411 sanctitatis
278 3364 342 3410 trina
365 3360 507 3420 repetitio?
531 3361 557 3407 Si
580 3361 645 3406 trina
670 3360 783 3418 veniam,
799 3359 856 3417 qula
871 3354 1202 3416 ipseoptoiudulpenttamr

115 3432 294 3492 repetitio,cur
304 3444 351 3479 una
362 3427 488 3477 laudatio?
497 3429 522 3475 Si
534 3441 582 3475 una
592 3428 645 3474 lau·
670 3435 754 3479 votum
773 3431 843 3475 tuum
860 3427 923 3475 scire
934 3423 1058 3472 desidero.
1070 3425 1106 3470 En
1123 3424 1204 3483 allego

114 3501 195 3561 datio,
215 3515 258 3549 cur
270 3501 333 3548 trina
347 3496 480 3558 repetitio?
491 3497 564 3544 'lrina
576 3508 645 3555 repc-
670 3498 734 3558 apud
742 3495 851 3556 judicem
862 3491 984 3542 desideria
994 3492 1053 3538 tuat
1063 3503 1114 3538 non
1125 3490 1204 3551 prodo

114 3571 171 3618 titio
189 3584 245 3629 cur,
256 3571 303 3617 nisi
321 3569 380 3629 qnia
398 3570 468 3614 Pater
483 3567 509 3613 et
528 3567 605 3612 Filius
620 3568 645 3614 et
671 3566 787 3624 crimina,
802 3562 892 3610 seriem
909 3562 1009 3608 tuorum
1027 3559 1145 3628 suspecto
1160 3569 1204 3607 ro·

115 3638 221 3699 Spiritus
231 3641 329 3687 sanetus
344 3638 472 3685 sanctitate
484 3648 559 3683 unum
570 3636 625 3682 sunt
637 3633 647 3680 i
671 3634 762 3680 torum.

114 3709 167 3755 Non
184 3709 248 3755 dixit
259 3708 348 3765 semel,
361 3720 391 3753 nc
408 3706 498 3751 lilium
508 3706 646 3764 sequestra·
702 3700 811 3749 llt.1)ic
827 3701 910 3761 ltaque
921 3712 951 3748 ee
962 3713 1017 3761 qum
1036 3700 1063 3748 iu
1073 3696 1203 3747 communi

115 3779 155 3824 ret
166 3789 173 3821 t
185 3789 233 3822 non
244 3776 296 3832 bis,
308 3788 339 3821 nc
351 3773 473 3833 Spiritum
489 3772 644 3831 preteriret:
671 3771 727 3816 voto
744 3769 816 3827 suut3
836 3766 888 3826 dic,
901 3767 1000 3826 inquam
1013 3779 1020 3812 a
1034 3765 1153 3822 Domine,
1164 3762 1203 3810 lac

115 3857 165 3892 non
180 3846 279 3905 quater,
291 3856 323 3890 ne
334 3844 459 3890 creaturas
475 3839 644 3896 conjungeret.
671 3850 710 3884 rue
719 3836 750 3884 ad
760 3834 893 3894 imaginem
901 3834 956 3881 liei.
966 3832 1135 3893 Respondebit
1143 3830 1202 3879 illo:

116 3913 147 3959 Et
157 3914 184 3960 ut
202 3912 342 3959 ostenderet
358 3909 485 3957 Trinitatis
501 3919 575 3954 unam
593 3919 645 3954 esse
671 3906 788 3965 Aliquam
799 3897 1156 3964 imaginethuamnessastil

116 3981 313 4039 deitatem,cum
323 3978 646 4033 tertiodinissettsanctus,
702 3975 756 4022 lli.
772 3972 832 4031 Dic,
850 3973 896 4020 iac
914 3984 955 4025 me
976 3965 1201 4027 incorreptibilem.
1254 3970 1256 3974 ’

116 4054 223 4108 sanctus,
241 4051 348 4109 sanctum
365 4047 461 4095 addidit
470 4044 645 4105 singulariter:
671 4043 773 4091 beteret
783 4042 869 4101 uttque
880 4055 888 4086 ι
900 4037 1025 4098 Quomodo
1038 4040 1063 4085 to
1073 4037 1203 4096 incorrup-

116 4121 232 4167 Dominus
249 4121 311 4166 Deus
328 4117 436 4166 sabaotb.
451 4115 554 4163 Sanctus
571 4113 647 4175 igituir
671 4112 769 4160 tibilem
782 4110 864 4157 lacere
881 4118 994 4168 possum,
1004 4117 1079 4166 quam
1092 4105 1122 4153 tu
1132 4113 1204 4152 cres-

116 4187 202 4246 Pater,
218 4187 317 4234 sanctus
333 4186 424 4245 iilius,
441 4185 538 4233 sanctus
556 4185 581 4232 et
600 4182 646 4230 bei
671 4183 751 4230 turam
767 4176 886 4237 dicendo,
896 4187 1012 4236 capacem
1030 4171 1201 4237 sumptibili-
