2632 4784
347 107 389 152 nr,
405 109 551 154 orricius
568 110 822 166 urnrsrnonnm
841 111 939 160 riona
958 119 975 162 r.
1160 112 1205 169 loo

116 186 183 236 sieut
206 186 364 239 lrloeeundus
380 201 448 250 aper.
459 192 515 239 islo
530 191 612 239 umen
623 192 651 241 nt
675 193 727 241 solo
736 206 814 254 pane,
833 196 877 245 aed
889 197 995 246 inomni
1006 198 1081 249 rerbo
1094 201 1141 251 liei
1153 204 1205 252 rita

116 256 211 318 allquia
219 268 342 307 exea-re
353 259 431 320 possit
440 258 507 321 qued
516 271 565 309 non
575 260 651 309 dede-
675 262 713 309 eat
722 261 830 312 hemiola
840 264 900 313 laeli
909 265 942 313 ad
957 267 1091 328 imaginem
1100 270 1157 319 liei.
1168 271 1205 319 lle

116 325 424 389 summanum
437 329 518 391 potest
526 328 592 391 qood
602 341 651 377 non
674 330 763 388 poeulo
774 333 901 381 versariis
908 344 1025 394 exprome
1035 334 1097 383 dirit
1106 338 1206 387 saneim

117 392 397 447 willeradum
404 396 569 459 calenum
576 398 649 457 lieet,
673 397 736 445 lob:
746 401 811 448 dieat
822 402 887 449 terre
896 405 1021 463 expensi
1033 402 1156 466 piamon,
1172 407 1206 455 aie

116 464 494 516 ammenonlieet.
673 467 865 518 eruemus
879 483 952 518 mcor.

148 534 273 585 inluso
290 536 377 597 palere
392 535 503 589 Sdornon
514 536 549 585 all
561 550 568 582 r
581 536 649 585 sire·
907 570 969 582 —

115 605 178 654 &ria
196 617 291 653 mm
309 606 342 653 ud
360 618 472 661 iraeneum⁴
483 608 597 667 pientia,
609 621 649 655 ra·
687 626 690 631 >
804 634 932 688 CAPUT
951 637 1067 690 xxm

116 675 206 734 mre
214 672 318 736 intrtiier
326 688 356 723 ee
366 687 418 735 pao
427 677 578 735 opperimur
587 674 630 723 tihi
640 689 648 722 :
1069 672 1077 690 '

117 744 649 806 aree-”wemmam
675 731 1205 835 sWeesroeruuleeu

117 812 209 893 WB}
220 812 406 874 mnf&
418 815 499 892 ΜΨ
509 812 649 893 imam
695 840 794 879 benedeil
811 843 902 881 rationes
917 848 1072 888 emulare
1088 846 1128 884 ubi
1141 849 1162 884 et
1177 847 1205 885 de

116 880 206 937 mitti
215 883 375 943 ammom
385 895 449 930 ucat
458 895 522 942 epatu
530 881 648 929 itoecemm
699 893 855 934 benevolentia
866 896 943 944 hade.
953 897 1035 936 elleells
1048 902 1113 948 atque
1126 899 1204 939 ordine

116 948 648 1011 mtmlnmfottnerm.0uasnosimltari
697 945 815 985 Quint.

116 1019 246 1081 milleni&
260 1015 408 1080 stabulm,
419 1019 569 1080 scripsimus.
586 1018 648 1066 eon-
704 1022 757 1070 litii.
769 1025 895 1073 mouera
906 1025 944 1073 est
954 1038 1011 1086 ereo
1022 1027 1052 1074 ul
1062 1024 1203 1077 divinarum

116 1087 296 1153 terrendam
306 1088 397 1138 bonum
404 1090 494 1137 estrat
503 1087 546 1149 qui
554 1081 648 1136 reterre
672 1091 849 1152 seripturarum
863 1095 1033 1144 humescamus
1043 1094 1216 1157 alloquimet

116 1159 207 1219 nestit,
217 1158 375 1207 durissimus.
390 1152 555 1209 Humanitatis
563 1170 648 1206 exem·
672 1162 744 1222 quasi
754 1175 794 1210 ros
809 1164 844 1211 sic
858 1164 885 1211 in
899 1177 943 1212 uos
955 1164 1001 1212 liei
1011 1165 1088 1212 rerba
1099 1164 1202 1215 deseen-

116 1229 182 1288 plum
197 1229 256 1289 ipsa
271 1230 337 1276 terra
356 1226 475 1289 suggerit.
496 1227 647 1288 spontaneos
672 1229 738 1279 dant.
748 1230 808 1278 Cum
820 1232 896 1293 luitur
904 1233 999 1281 sederis
1010 1233 1040 1280 ad
1051 1234 1119 1281 illam
1132 1246 1203 1282 meu·

115 1296 647 1358 lmttmmintstntuuosnonoeverimmul-
671 1312 722 1347 sam
733 1302 854 1362 potentis,
870 1302 1146 1363 insanusquosuiso
1157 1314 1203 1364 po

114 1366 256 1426 tiplieaturn
267 1378 364 1427 quoqne
375 1365 458 1414 reddit
468 1365 532 1426 qued
544 1376 646 1428 aecepe·
671 1372 725 1417 tens
737 1380 744 1415 r
755 1371 781 1418 et
792 1370 820 1417 in
828 1371 939 1432 paradiso
951 1372 1124 1421 delectationis
1133 1371 1200 1432 posl-

114 1435 154 1483 rit.
165 1436 264 1494 Negare
283 1435 329 1483 tibi
346 1435 477 1496 pecuniam
493 1436 645 1483 numeratam
672 1440 727 1498 lus,
745 1441 819 1499 alque
831 1442 856 1487 in
867 1440 980 1489 convivio
991 1441 1119 1502 sapientiae
1135 1441 1201 1489 loea-

114 1506 246 1565 nonlicet,
256 1505 378 1567 quomodo
389 1503 449 1552 lieet
460 1506 587 1566 acceptam
597 1517 645 1553 non
671 1509 725 1566 tus,
745 1509 874 1557 eoaeidera
893 1522 948 1571 que
964 1511 1122 1571 apponuntur
1143 1511 1200 1559 tibi.

114 1574 206 1624 reterre
218 1573 339 1638 matiam?
349 1576 376 1622 ln
392 1574 529 1635 proverbiis
547 1586 645 1636 quoque
671 1576 795 1637 Scriptura
807 1578 892 1626 divina
909 1578 1052 1626 convivium
1073 1578 1203 1640 sapientiae

115 1642 203 1707 babes,
223 1644 289 1706 quod
306 1644 342 1692 lta
353 1645 490 1705 >plurimum
510 1643 645 1693 redhibitio
669 1649 722 1694 esi:
735 1647 823 1706 siusuli
836 1648 895 1694 libri
911 1648 1007 1708 singula
1025 1649 1083 1696 aunt
1097 1647 1200 1698 lereula.

114 1713 158 1763 isia
165 1714 408 1776 graiiaeapndlloum
417 1713 544 1761 consuevit
551 1714 644 1775 valere,
670 1717 781 1776 intellige
790 1717 859 1776 prius
870 1730 928 1777 qum
936 1717 1043 1766 habeant
1051 1717 1200 1766 serculorum

115 1784 142 1829 ut
151 1782 229 1832 etiam
239 1782 312 1831 indie
323 1782 402 1829 ruinae
411 1780 521 1830 inveniat
531 1782 644 1844 gratiam,
669 1785 791 1844 dapes‚et
803 1787 860 1833 tune
869 1786 939 1833 mitte
950 1798 1050 1833 manum
1058 1798 1066 1844 ς
1075 1788 1102 1833 ul
1110 1797 1200 1846 eaquae

116 1850 210 1909 quando
221 1850 324 1912 possunt
333 1848 518 1911 praeponderare
534 1851 643 1911 peccata.
670 1855 730 1913 legis
739 1855 779 1902 vel
789 1867 845 1916 quoa
856 1854 947 1915 accipis
958 1867 973 1902 a
983 1855 1087 1902 Domino
1096 1856 1148 1903 Deo
1159 1857 1201 1903 tuo

117 1920 343 1981 Etenidaliisniar
353 1918 544 1979 exemplis‚eum
562 1920 645 1967 Domi·
669 1923 784 1982 operibus
799 1923 993 1983 exsequaris‚et
1006 1923 1120 1971 collatam
1137 1924 1163 1970 iu
1174 1926 1199 1971 te

115 1990 198 2038 minas
207 1990 258 2053 ipae
268 1988 491 2038 remunerationem
505 1990 643 2038 uberiorem
669 1992 770 2052 gratiam
786 1991 873 2040 oilleiis
883 1993 1043 2050 representes
1055 2005 1062 2039 z
1074 1993 1103 2039 ut
1113 1993 1201 2040 Petrae

114 2058 644 2122 umlommeriiisinEvangeliopollicea·
669 2061 695 2109 et
714 2061 816 2120 Paulus,
836 2061 880 2121 qui
906 2059 1097 2121 evangelizando
1117 2061 1199 2108 ricem

113 2131 249 2192 tnr,atqne
265 2131 412 2178 exhortetur
422 2130 449 2178 ul
460 2142 589 2190 operemur
600 2130 644 2178 bo-
668 2129 798 2190 qnamdam
821 2130 928 2191 largitori
955 2130 1067 2178 muneris
1085 2129 1199 2179 reddide-

111 2210 169 2249 nnna
177 2198 506 2261 opus,dieeus:ilimitlitee,t
517 2201 644 2248 dimittitur
668 2201 742 2259 runt,
752 2201 780 2247 ut
787 2202 886 2259 possent
896 2200 987 2260 singuli
998 2200 1081 2248 dicere
1093 2213 1100 2246 r
1113 2201 1198 2248 Gratia

112 2269 173 2321 labie
183 2285 194 2317 .·
204 2271 260 2318 dole
270 2273 292 2318 tt
311 2269 405 2317 deditur
415 2268 496 2318 vobis:
507 2281 643 2319 mrmurom
668 2272 746 2316 naum
756 2271 801 2317 Dei
814 2282 866 2317 ram
883 2270 944 2328 quod
953 2282 1005 2314 rum
1011 2301 1018 2326 ,
1027 2272 1049 2315 et
1063 2271 1141 2327 pretio
1149 2270 1199 2327 ep'aa

114 2337 212 2398 taam
223 2341 379 2397 commotam,
390 2339 589 2399 supereffluentem
599 2341 643 2388 de-
667 2350 740 2396 epeea
757 2339 782 2383 in
796 2350 834 2384 me
848 2350 896 2383 noo
914 2337 959 2395 {ait
971 2351 979 2382 ε
990 2337 1029 2383 red
1038 2336 1199 2385 abundantior

112 2407 292 2459 murinum
302 2408 430 2458 oubam?
667 2406 956 2455 ittisomaibesloboroei.

139 2477 193 2526 rm.
216 2478 303 2538 ltaque
313 2478 339 2524 et
349 2475 410 2524 illud
424 2475 564 2525 convivium
575 2475 644 2524 Salo-
699 2473 751 2520 led.
764 2474 832 2521 Alius
841 2484 898 2540 erpo
916 2471 1024 2521 fructum
1038 2474 1134 2533 accepti
1152 2472 1211 2525 be·.

113 2549 188 2596 nouis
199 2559 251 2595 aon
262 2542 293 2594 de
302 2545 378 2605 cibis,
386 2545 430 2594 sed
441 2546 472 2592 de
483 2544 598 2605 operibus
606 2545 643 2594 est
666 2543 766 2603 nedeii,
777 2544 806 2591 ut
820 2554 908 2590 aurum
922 2554 999 2601 auro,
1013 2543 1141 2602 arpentum
1158 2555 1200 2592 ar-

112 2615 187 2666 tenia.
196 2617 252 2676 Quo
264 2615 332 2664 eninr
347 2614 435 2663 melius
448 2616 579 2676 epulantur
588 2613 642 2661 aul·
666 2613 739 2673 gente
750 2610 863 2673 rependit
876 2611 956 2659 :alius
974 2611 1101 2670 laborem,
1120 2611 1197 2671 alius,

112 2687 155 2746 ni,
165 2699 243 2746 qnam
262 2685 332 2734 bonis
349 2683 558 2746 lactistllutqnid
574 2682 641 2731 aliud
666 2681 731 2729 haud
742 2681 793 2729 seio
803 2693 834 2728 an
845 2680 919 2728 etiarn
937 2680 1101 2741 locupletius,
1116 2681 1197 2729 solum

112 2755 641 2817 lamiaeilepotestjustorumexpleremen-
665 2749 1211 2808 restituitanoeium.Quidonimsireddonoi,

112 2826 157 2887 tta,
166 2839 246 2888 quam
257 2825 315 2873 boni
326 2825 408 2886 operis
418 2821 583 2872 eonscientiat
592 2823 640 2881 Qui
666 2823 734 2869 nulla
745 2822 846 2870 lucullos
855 2820 979 2882 suppetit!
990 2816 1019 2867 lri
1029 2821 1150 2873 beneficio
1158 2834 1197 2868 re-

112 2896 191 2943 antem
212 2894 346 2954 iucundior
360 2894 447 2953 eibos,
464 2904 539 2954 quam
559 2892 639 2939 iacere
666 2891 765 2939 leroudo
777 2891 936 2950 plusanimus
951 2902 1025 2950 quam
1036 2903 1124 2938 cousus
1135 2903 1197 2952 ope-

112 2966 263 3014 adunarem
281 2963 429 3023 DeitQuern
445 2963 528 3011 eibum
539 2961 586 3009 sibi
601 2974 639 3008 so·
665 2961 732 3008 ratur
743 2974 749 3005 :
761 2959 886 3019 inopsque
902 2958 1071 3018 preponderat
1088 2959 1196 3006 beneso-

112 3035 159 3085 lura
179 3033 303 3083 Dominus
327 3024 449 3081 abundare
476 3030 638 3088 memoravit,
666 3029 757 3089 tentia,
789 3040 862 3090 quain
891 3027 1040 3087 possibilitas
1069 3027 1194 3074 relereruli

111 3104 170 3153 sient
182 3103 354 3165 scriptumest
371 3103 397 3150 in
407 3101 540 3160 Evangelio
555 3113 561 3145 :
574 3102 639 3147 licor
665 3102 781 3147 muneris.
792 3099 876 3146 Gratia
886 3098 953 3145 enim
969 3097 995 3143 in
1012 3109 1042 3143 eo
1061 3097 1113 3156 ipso
1132 3098 1197 3156 quod

111 3174 170 3223 alu
185 3176 230 3231 esi,
249 3176 276 3220 ul
286 3174 375 3232 [ocium
397 3172 538 3220 voluntatem
559 3171 639 3217 Petris
665 3169 782 3229 babetur,
800 3167 914 3215 retertur.
934 3166 1018 3223 hiaena
1034 3163 1195 3222 igiturbene·

112 3246 203 3307 meieni
214 3245 249 3292 est
260 3242 359 3290 iaculo.
664 3238 785 3296 volentia,
800 3250 856 3298 quae
881 3234 976 3283 etiarnsi
991 3232 1054 3280 nibil
1071 3232 1196 3291 conterat,

137 3310 189 3361 ibt.
199 3313 253 3359 lloc
262 3310 318 3358 elbo
328 3309 495 3367 delectemur,
505 3304 536 3355 de
546 3320 593 3368 quo
603 3306 639 3354 ait
664 3307 838 3366 plusexhibet:
847 3306 872 3353 et
879 3317 934 3352 eum
941 3304 966 3349 in
974 3301 1123 3362 patrimonio
1131 3302 1202 3349 nihil.

111 3382 229 3444 Propheta
247 3395 254 3428 ε
271 3381 392 3429 Deteelore
412 3381 437 3426 io
457 3380 566 3426 Domino.
589 3378 638 3424 lloc
665 3376 765 3431 haheat,
780 3375 881 3435 largitur
896 3373 1022 3434 pluribus3
1044 3371 1118 3432 idque
1137 3369 1196 3419 lacit

110 3453 161 3499 ribo
170 3451 344 3508 delectantur,
356 3448 398 3509 qui
409 3447 546 3506 superiores
557 3446 639 3493 delec-
664 3444 772 3491 sineullo
780 3442 1065 3502 suidispeodio‚etluero
1073 3441 1195 3488 omnium.

111 3520 211 3571 tationes
229 3516 341 3568 mirabili
363 3516 460 3576 inuenio
478 3517 638 3576 eomprehen-
664 3516 692 3561 nt
714 3513 770 3560 ideo
797 3513 896 3572 prestat
920 3511 1094 3560 benevolentia
1121 3523 1196 3569 supra

111 3590 208 3651 derunt,
217 3589 263 3651 qui
273 3587 377 3648 possunt
386 3585 448 3632 seire
460 3586 540 3645 qualis
551 3585 583 3632 sit
592 3584 637 3631 illa
664 3585 741 3644 ipsam
750 3582 1018 3630 liberalitatemllitier
1026 3582 1078 3629 haec
1087 3579 1197 3626 moribus

111 3658 196 3705 munda
207 3659 233 3705 et
246 3653 415 3714 intelligibilis
430 3655 520 3701 mentis
529 3652 638 3701 delecto·
663 3665 735 3713 quam
746 3651 787 3699 illa
797 3651 953 3711 muneribus3
964 3652 1048 3711 plures
1058 3649 1126 3697 euim
1138 3650 1197 3695 smil
1231 3662 1241 3673 ·

111 3727 150 3773 lio.
166 3727 272 3775 Edonus
286 3735 347 3783 ergo
359 3733 434 3782 panes
448 3721 592 3781 sapientiae,
611 3723 636 3769 et
662 3720 822 3781 quiindigent
833 3719 952 3768 beneflcio
962 3752 969 3777 ,
978 3730 1052 3778 qurum
1063 3716 1104 3776 qui
1118 3715 1199 3763 obune

110 3797 240 3844 moremur
262 3794 289 3841 ln
302 3788 379 3839 serbo
389 3789 454 3851 Dei;
470 3791 527 3852 quiin
540 3803 588 3838 non
610 3791 635 3837 iu
663 3792 731 3837 «loiri.
