<?xml version="1.0" encoding="UTF-8"?>
<!DOCTYPE html PUBLIC "-//W3C//DTD XHTML 1.0 Transitional//EN"
    "http://www.w3.org/TR/xhtml1/DTD/xhtml1-transitional.dtd">
<html xmlns="http://www.w3.org/1999/xhtml" xml:lang="en" lang="en">
 <head>
  <title>
</title>
<meta http-equiv="Content-Type" content="text/html;charset=utf-8" />
  <meta name='ocr-system' content='tesseract 3.04.00' />
  <meta name='ocr-capabilities' content='ocr_page ocr_carea ocr_par ocr_line ocrx_word'/>
</head>
<body>
  <div class='ocr_page' id='page_1' title='image "./sanctiambrosiim00ambrgoog_0724.png"; bbox 0 0 2632 4784; ppageno 0'>
   <div class='ocr_carea' id='block_1_1' title="bbox 433 423 1191 478">
    <p class='ocr_par' dir='ltr' id='par_1_1' title="bbox 433 423 1191 478">
     <span class='ocr_line' id='line_1_1' title="bbox 433 423 1191 478; baseline -0.005 0"><span class='ocrx_word' id='word_1_1' title='bbox 433 426 677 478; x_wconf 79' lang='lat' dir='ltr'><strong>salsaoaasttll</strong></span> <span class='ocrx_word' id='word_1_2' title='bbox 690 427 831 476; x_wconf 77' lang='lat' dir='ltr'><strong>classis</strong></span> <span class='ocrx_word' id='word_1_3' title='bbox 845 429 863 475; x_wconf 91' lang='lat' dir='ltr'><strong>l.</strong></span> <span class='ocrx_word' id='word_1_4' title='bbox 1147 423 1191 474; x_wconf 82' lang='lat' dir='ltr'><strong>sss</strong></span> 
     </span>
    </p>
   </div>
   <div class='ocr_carea' id='block_1_2' title="bbox 78 506 1200 1801">
    <p class='ocr_par' dir='ltr' id='par_1_2' title="bbox 78 506 1199 1531">
     <span class='ocr_line' id='line_1_2' title="bbox 111 506 1194 576; baseline -0.011 -10"><span class='ocrx_word' id='word_1_5' title='bbox 111 517 250 576; x_wconf 72' lang='lat' dir='ltr'><strong>tollerem,</strong></span> <span class='ocrx_word' id='word_1_6' title='bbox 270 514 336 575; x_wconf 79' lang='lat' dir='ltr'><strong>qnod</strong></span> <span class='ocrx_word' id='word_1_7' title='bbox 356 513 400 562; x_wconf 81' lang='lat' dir='ltr'><strong>six</strong></span> <span class='ocrx_word' id='word_1_8' title='bbox 416 526 545 575; x_wconf 84' lang='lat' dir='ltr'><strong>possumus</strong></span> <span class='ocrx_word' id='word_1_9' title='bbox 562 511 644 561; x_wconf 85' lang='lat' dir='ltr'><strong>animo</strong></span> <span class='ocrx_word' id='word_1_10' title='bbox 668 506 1194 572; x_wconf 62' lang='lat' dir='ltr'><strong>businespexitsansbnmitisbcus,qul</strong></span> 
     </span>
     <span class='ocr_line' id='line_1_3' title="bbox 112 577 1196 642; baseline -0.007 -10"><span class='ocrx_word' id='word_1_11' title='bbox 112 583 258 642; x_wconf 88' lang='lat' dir='ltr'><strong>intendere,</strong></span> <span class='ocrx_word' id='word_1_12' title='bbox 269 581 346 630; x_wconf 90' lang='lat' dir='ltr'><strong>oculis</strong></span> <span class='ocrx_word' id='word_1_13' title='bbox 360 581 577 641; x_wconf 79' lang='lat' dir='ltr'><strong>comprehendere.</strong></span> <span class='ocrx_word' id='word_1_14' title='bbox 595 578 644 626; x_wconf 82' lang='lat' dir='ltr'><strong>Sed</strong></span> <span class='ocrx_word' id='word_1_15' title='bbox 667 581 772 628; x_wconf 90' lang='lat' dir='ltr'><strong>latentes</strong></span> <span class='ocrx_word' id='word_1_16' title='bbox 785 581 830 627; x_wconf 89' lang='lat' dir='ltr'><strong>sab</strong></span> <span class='ocrx_word' id='word_1_17' title='bbox 849 577 951 639; x_wconf 65' lang='lat' dir='ltr'><strong>ignobili</strong></span> <span class='ocrx_word' id='word_1_18' title='bbox 967 577 1061 637; x_wconf 76' lang='lat' dir='ltr'>cespite</span> <span class='ocrx_word' id='word_1_19' title='bbox 1077 577 1196 638; x_wconf 81' lang='lat' dir='ltr'><strong>reliquias</strong></span> 
     </span>
     <span class='ocr_line' id='line_1_4' title="bbox 112 645 1197 712; baseline -0.007 -11"><span class='ocrx_word' id='word_1_20' title='bbox 112 654 155 702; x_wconf 89' lang='lat' dir='ltr'><strong>ubi</strong></span> <span class='ocrx_word' id='word_1_21' title='bbox 164 652 304 701; x_wconf 65' lang='lat' dir='ltr'><strong>mansurum</strong></span> <span class='ocrx_word' id='word_1_22' title='bbox 314 651 363 711; x_wconf 73' lang='lat' dir='ltr'><strong>legi</strong></span> <span class='ocrx_word' id='word_1_23' title='bbox 373 648 644 712; x_wconf 86' lang='lat' dir='ltr'><strong>coepitseriesscriptn·</strong></span> <span class='ocrx_word' id='word_1_24' title='bbox 667 651 805 697; x_wconf 88' lang='lat' dir='ltr'><strong>sanctorum</strong></span> <span class='ocrx_word' id='word_1_25' title='bbox 819 650 954 708; x_wconf 89' lang='lat' dir='ltr'><strong>martyrum</strong></span> <span class='ocrx_word' id='word_1_26' title='bbox 970 659 1020 694; x_wconf 82' lang='lat' dir='ltr'><strong>snas</strong></span> <span class='ocrx_word' id='word_1_27' title='bbox 1032 645 1145 693; x_wconf 73' lang='lat' dir='ltr'><strong>Ecclesia</strong></span> <span class='ocrx_word' id='word_1_28' title='bbox 1155 656 1197 693; x_wconf 85' lang='lat' dir='ltr'><strong>re·</strong></span> 
     </span>
     <span class='ocr_line' id='line_1_5' title="bbox 111 713 1197 781; baseline -0.008 -11"><span class='ocrx_word' id='word_1_29' title='bbox 111 734 207 781; x_wconf 87' lang='lat' dir='ltr'><strong>raram,</strong></span> <span class='ocrx_word' id='word_1_30' title='bbox 215 719 316 780; x_wconf 70' lang='lat' dir='ltr'><strong>largitus</strong></span> <span class='ocrx_word' id='word_1_31' title='bbox 324 720 362 767; x_wconf 89' lang='lat' dir='ltr'><strong>est</strong></span> <span class='ocrx_word' id='word_1_32' title='bbox 370 719 476 779; x_wconf 75' lang='lat' dir='ltr'>Spiritus</span> <span class='ocrx_word' id='word_1_33' title='bbox 483 719 591 776; x_wconf 88' lang='lat' dir='ltr'><strong>sanctus,</strong></span> <span class='ocrx_word' id='word_1_34' title='bbox 598 715 643 776; x_wconf 81' lang='lat' dir='ltr'><strong>qui</strong></span> <span class='ocrx_word' id='word_1_35' title='bbox 668 717 774 777; x_wconf 82' lang='lat' dir='ltr'><strong>velarit,</strong></span> <span class='ocrx_word' id='word_1_36' title='bbox 783 728 887 777; x_wconf 89' lang='lat' dir='ltr'><strong>quorum</strong></span> <span class='ocrx_word' id='word_1_37' title='bbox 895 716 976 762; x_wconf 88' lang='lat' dir='ltr'><strong>anima</strong></span> <span class='ocrx_word' id='word_1_38' title='bbox 986 713 1012 761; x_wconf 91' lang='lat' dir='ltr'><strong>in</strong></span> <span class='ocrx_word' id='word_1_39' title='bbox 1022 714 1084 761; x_wconf 87' lang='lat' dir='ltr'><strong>coeln</strong></span> <span class='ocrx_word' id='word_1_40' title='bbox 1093 746 1101 772; x_wconf 99' lang='lat'><strong>,</strong></span> <span class='ocrx_word' id='word_1_41' title='bbox 1109 722 1197 773; x_wconf 84' lang='lat' dir='ltr'><strong>corpus</strong></span> 
     </span>
     <span class='ocr_line' id='line_1_6' title="bbox 111 782 1196 851; baseline -0.008 -14"><span class='ocrx_word' id='word_1_42' title='bbox 111 790 228 851; x_wconf 85' lang='lat' dir='ltr'><strong>loquutus</strong></span> <span class='ocrx_word' id='word_1_43' title='bbox 239 790 276 836; x_wconf 87' lang='lat' dir='ltr'><strong>cst</strong></span> <span class='ocrx_word' id='word_1_44' title='bbox 287 788 312 834; x_wconf 93' lang='lat' dir='ltr'><strong>in</strong></span> <span class='ocrx_word' id='word_1_45' title='bbox 323 788 464 848; x_wconf 88' lang='lat' dir='ltr'><strong>prophetis,</strong></span> <span class='ocrx_word' id='word_1_46' title='bbox 479 799 528 846; x_wconf 89' lang='lat' dir='ltr'><strong>quo</strong></span> <span class='ocrx_word' id='word_1_47' title='bbox 543 786 643 845; x_wconf 63' lang='lat' dir='ltr'><strong>dignum</strong></span> <span class='ocrx_word' id='word_1_48' title='bbox 668 785 694 832; x_wconf 88' lang='lat' dir='ltr'><strong>in</strong></span> <span class='ocrx_word' id='word_1_49' title='bbox 711 786 778 832; x_wconf 87' lang='lat' dir='ltr'><strong>terra</strong></span> <span class='ocrx_word' id='word_1_50' title='bbox 790 799 797 831; x_wconf 84' lang='lat' dir='ltr'><strong>a</strong></span> <span class='ocrx_word' id='word_1_51' title='bbox 810 786 930 832; x_wconf 80' lang='lat' dir='ltr'><strong>suscitem</strong></span> <span class='ocrx_word' id='word_1_52' title='bbox 946 798 962 830; x_wconf 86' lang='lat' dir='ltr'><strong>o</strong></span> <span class='ocrx_word' id='word_1_53' title='bbox 977 786 1041 830; x_wconf 72' lang='lat' dir='ltr'><strong>terro</strong></span> <span class='ocrx_word' id='word_1_54' title='bbox 1056 782 1163 842; x_wconf 83' lang='lat' dir='ltr'><strong>inopem,</strong></span> <span class='ocrx_word' id='word_1_55' title='bbox 1173 783 1196 829; x_wconf 87' lang='lat' dir='ltr'><strong>et</strong></span> 
     </span>
     <span class='ocr_line' id='line_1_7' title="bbox 112 847 1197 920; baseline -0.012 -13"><span class='ocrx_word' id='word_1_56' title='bbox 112 859 204 920; x_wconf 88' lang='lat' dir='ltr'><strong>aliquid</strong></span> <span class='ocrx_word' id='word_1_57' title='bbox 213 860 280 906; x_wconf 89' lang='lat' dir='ltr'><strong>tanto</strong></span> <span class='ocrx_word' id='word_1_58' title='bbox 288 859 353 904; x_wconf 84' lang='lat' dir='ltr'><strong>coetu</strong></span> <span class='ocrx_word' id='word_1_59' title='bbox 363 859 388 903; x_wconf 91' lang='lat' dir='ltr'><strong>et</strong></span> <span class='ocrx_word' id='word_1_60' title='bbox 396 856 580 916; x_wconf 80' lang='lat' dir='ltr'><strong>exspectatione</strong></span> <span class='ocrx_word' id='word_1_61' title='bbox 589 867 644 902; x_wconf 86' lang='lat' dir='ltr'><strong>ves·</strong></span> <span class='ocrx_word' id='word_1_62' title='bbox 668 855 695 900; x_wconf 85' lang='lat' dir='ltr'><strong>de</strong></span> <span class='ocrx_word' id='word_1_63' title='bbox 710 856 810 901; x_wconf 74' lang='lat' dir='ltr'><strong>stercore</strong></span> <span class='ocrx_word' id='word_1_64' title='bbox 824 854 913 912; x_wconf 79' lang='lat' dir='ltr'><strong>eripcsa</strong></span> <span class='ocrx_word' id='word_1_65' title='bbox 931 863 1056 912; x_wconf 81' lang='lat' dir='ltr'><strong>pauperem</strong></span> <span class='ocrx_word' id='word_1_66' title='bbox 1061 864 1071 910; x_wconf 91' lang='lat'><strong>,·</strong></span> <span class='ocrx_word' id='word_1_67' title='bbox 1081 861 1142 909; x_wconf 87' lang='lat' dir='ltr'><strong>quos</strong></span> <span class='ocrx_word' id='word_1_68' title='bbox 1158 847 1197 896; x_wconf 81' lang='lat' dir='ltr'><strong>ri-</strong></span> 
     </span>
     <span class='ocr_line' id='line_1_8' title="bbox 111 916 1197 988; baseline -0.009 -13"><span class='ocrx_word' id='word_1_69' title='bbox 111 927 163 988; x_wconf 89' lang='lat' dir='ltr'><strong>tra‚</strong></span> <span class='ocrx_word' id='word_1_70' title='bbox 183 929 368 986; x_wconf 66' lang='lat' dir='ltr'><strong>martyrumque</strong></span> <span class='ocrx_word' id='word_1_71' title='bbox 388 925 528 971; x_wconf 87' lang='lat' dir='ltr'><strong>sanctorum</strong></span> <span class='ocrx_word' id='word_1_72' title='bbox 548 923 644 971; x_wconf 90' lang='lat' dir='ltr'><strong>meritis</strong></span> <span class='ocrx_word' id='word_1_73' title='bbox 668 921 732 969; x_wconf 89' lang='lat' dir='ltr'><strong>detis</strong></span> <span class='ocrx_word' id='word_1_74' title='bbox 743 921 771 968; x_wconf 90' lang='lat' dir='ltr'><strong>ut</strong></span> <span class='ocrx_word' id='word_1_75' title='bbox 781 933 824 968; x_wconf 88' lang='lat' dir='ltr'><strong>eos</strong></span> <span class='ocrx_word' id='word_1_76' title='bbox 834 932 890 967; x_wconf 87' lang='lat' dir='ltr'><strong>curn</strong></span> <span class='ocrx_word' id='word_1_77' title='bbox 901 918 1054 980; x_wconf 87' lang='lat' dir='ltr'><strong>principibus</strong></span> <span class='ocrx_word' id='word_1_78' title='bbox 1064 916 1148 978; x_wconf 89' lang='lat' dir='ltr'><strong>populi</strong></span> <span class='ocrx_word' id='word_1_79' title='bbox 1157 917 1197 965; x_wconf 87' lang='lat' dir='ltr'><strong>sui</strong></span> 
     </span>
     <span class='ocr_line' id='line_1_9' title="bbox 111 985 1198 1058; baseline -0.01 -14"><span class='ocrx_word' id='word_1_80' title='bbox 111 995 272 1058; x_wconf 84' lang='lat' dir='ltr'><strong>proteramus.</strong></span> <span class='ocrx_word' id='word_1_81' title='bbox 668 989 803 1037; x_wconf 91' lang='lat' dir='ltr'><strong>collocarit.</strong></span> <span class='ocrx_word' id='word_1_82' title='bbox 814 988 943 1048; x_wconf 85' lang='lat' dir='ltr'><strong>Principes</strong></span> <span class='ocrx_word' id='word_1_83' title='bbox 960 986 1046 1047; x_wconf 83' lang='lat' dir='ltr'><strong>populi</strong></span> <span class='ocrx_word' id='word_1_84' title='bbox 1065 998 1125 1047; x_wconf 88' lang='lat' dir='ltr'><strong>quos</strong></span> <span class='ocrx_word' id='word_1_85' title='bbox 1136 985 1198 1033; x_wconf 88' lang='lat' dir='ltr'><strong>alios</strong></span> 
     </span>
     <span class='ocr_line' id='line_1_10' title="bbox 120 1054 1198 1124; baseline -0.008 -14"><span class='ocrx_word' id='word_1_86' title='bbox 120 1097 122 1103; x_wconf 53' lang='grc'>,</span> <span class='ocrx_word' id='word_1_87' title='bbox 141 1063 353 1124; x_wconf 75' lang='lat' dir='ltr'><strong>b.»cosii,inqnit,</strong></span> <span class='ocrx_word' id='word_1_88' title='bbox 361 1062 582 1122; x_wconf 70' lang='lat' dir='ltr'><strong>monasteterium</strong></span> <span class='ocrx_word' id='word_1_89' title='bbox 589 1063 642 1109; x_wconf 76' lang='lat' dir='ltr'><strong>liet.</strong></span> <span class='ocrx_word' id='word_1_90' title='bbox 668 1057 717 1104; x_wconf 89' lang='lat' dir='ltr'><strong>nisi</strong></span> <span class='ocrx_word' id='word_1_91' title='bbox 731 1058 827 1105; x_wconf 88' lang='lat' dir='ltr'><strong>sanctos</strong></span> <span class='ocrx_word' id='word_1_92' title='bbox 847 1058 967 1116; x_wconf 87' lang='lat' dir='ltr'><strong>martyres</strong></span> <span class='ocrx_word' id='word_1_93' title='bbox 985 1055 1106 1103; x_wconf 72' lang='lat' dir='ltr'><strong>estimare</strong></span> <span class='ocrx_word' id='word_1_94' title='bbox 1123 1054 1198 1102; x_wconf 87' lang='lat' dir='ltr'><strong>debs-</strong></span> 
     </span>
     <span class='ocr_line' id='line_1_11' title="bbox 111 1123 1197 1192; baseline -0.008 -13"><span class='ocrx_word' id='word_1_95' title='bbox 111 1133 171 1180; x_wconf 81' lang='lat' dir='ltr'><strong>Cum</strong></span> <span class='ocrx_word' id='word_1_96' title='bbox 180 1131 273 1192; x_wconf 65' lang='lat' dir='ltr'><strong>legitur</strong></span> <span class='ocrx_word' id='word_1_97' title='bbox 281 1130 322 1177; x_wconf 90' lang='lat' dir='ltr'><strong>bic</strong></span> <span class='ocrx_word' id='word_1_98' title='bbox 330 1132 450 1190; x_wconf 85' lang='lat' dir='ltr'><strong>psalmus,</strong></span> <span class='ocrx_word' id='word_1_99' title='bbox 462 1129 569 1176; x_wconf 89' lang='lat' dir='ltr'><strong>occurrit</strong></span> <span class='ocrx_word' id='word_1_100' title='bbox 578 1128 644 1188; x_wconf 87' lang='lat' dir='ltr'><strong>quod</strong></span> <span class='ocrx_word' id='word_1_101' title='bbox 668 1125 906 1186; x_wconf 69' lang='lat' dir='ltr'><strong>mus,quorum1am</strong></span> <span class='ocrx_word' id='word_1_102' title='bbox 916 1123 1197 1172; x_wconf 86' lang='lat' dir='ltr'><strong>innumerumdiasnta</strong></span> 
     </span>
     <span class='ocr_line' id='line_1_12' title="bbox 111 1190 1198 1256; baseline -0.008 -9"><span class='ocrx_word' id='word_1_103' title='bbox 111 1211 162 1247; x_wconf 90' lang='lat' dir='ltr'><strong>non</strong></span> <span class='ocrx_word' id='word_1_104' title='bbox 180 1201 230 1247; x_wconf 81' lang='lat' dir='ltr'><strong>tarn</strong></span> <span class='ocrx_word' id='word_1_105' title='bbox 252 1198 376 1246; x_wconf 88' lang='lat' dir='ltr'><strong>clementa</strong></span> <span class='ocrx_word' id='word_1_106' title='bbox 395 1195 550 1255; x_wconf 86' lang='lat' dir='ltr'><strong>materialia,</strong></span> <span class='ocrx_word' id='word_1_107' title='bbox 569 1207 643 1256; x_wconf 84' lang='lat' dir='ltr'><strong>quam</strong></span> <span class='ocrx_word' id='word_1_108' title='bbox 668 1193 773 1254; x_wconf 64' lang='lat' dir='ltr'><strong>ignorati</strong></span> <span class='ocrx_word' id='word_1_109' title='bbox 786 1194 908 1241; x_wconf 82' lang='lat' dir='ltr'><strong>Protesius</strong></span> <span class='ocrx_word' id='word_1_110' title='bbox 919 1192 1098 1252; x_wconf 84' lang='lat' dir='ltr'><strong>Gervasiusque</strong></span> <span class='ocrx_word' id='word_1_111' title='bbox 1110 1190 1198 1251; x_wconf 85' lang='lat' dir='ltr'><strong>praeis·</strong></span> 
     </span>
     <span class='ocr_line' id='line_1_13' title="bbox 112 1260 1199 1323; baseline -0.004 -10"><span class='ocrx_word' id='word_1_112' title='bbox 112 1265 224 1314; x_wconf 83' lang='lat' dir='ltr'><strong>coelestia</strong></span> <span class='ocrx_word' id='word_1_113' title='bbox 233 1263 322 1312; x_wconf 86' lang='lat' dir='ltr'><strong>merita</strong></span> <span class='ocrx_word' id='word_1_114' title='bbox 330 1264 430 1322; x_wconf 65' lang='lat' dir='ltr'><strong>dignum</strong></span> <span class='ocrx_word' id='word_1_115' title='bbox 438 1261 643 1323; x_wconf 78' lang='lat' dir='ltr'><strong>Deopraeeonium</strong></span> <span class='ocrx_word' id='word_1_116' title='bbox 667 1262 771 1320; x_wconf 85' lang='lat' dir='ltr'><strong>rantur,</strong></span> <span class='ocrx_word' id='word_1_117' title='bbox 780 1262 823 1323; x_wconf 87' lang='lat' dir='ltr'><strong>qui</strong></span> <span class='ocrx_word' id='word_1_118' title='bbox 834 1260 945 1310; x_wconf 88' lang='lat' dir='ltr'><strong>sterilem</strong></span> <span class='ocrx_word' id='word_1_119' title='bbox 956 1260 1105 1319; x_wconf 79' lang='lat' dir='ltr'><strong>martyribus</strong></span> <span class='ocrx_word' id='word_1_120' title='bbox 1113 1260 1199 1309; x_wconf 77' lang='lat' dir='ltr'><strong>decie-</strong></span> 
     </span>
     <span class='ocr_line' id='line_1_14' title="bbox 78 1329 1199 1389; baseline -0.002 -9"><span class='ocrx_word' id='word_1_121' title='bbox 78 1344 80 1347; x_wconf 87' lang='lat'>·</span> <span class='ocrx_word' id='word_1_122' title='bbox 111 1333 209 1382; x_wconf 82' lang='lat' dir='ltr'><strong>deterre</strong></span> <span class='ocrx_word' id='word_1_123' title='bbox 217 1332 357 1380; x_wconf 78' lang='lat' dir='ltr'><strong>videantur.</strong></span> <span class='ocrx_word' id='word_1_124' title='bbox 368 1332 492 1380; x_wconf 82' lang='lat' dir='ltr'><strong>ilodierno</strong></span> <span class='ocrx_word' id='word_1_125' title='bbox 502 1332 585 1378; x_wconf 89' lang='lat' dir='ltr'><strong>tamen</strong></span> <span class='ocrx_word' id='word_1_126' title='bbox 595 1331 643 1379; x_wconf 86' lang='lat' dir='ltr'><strong>lor·</strong></span> <span class='ocrx_word' id='word_1_127' title='bbox 667 1331 728 1378; x_wconf 81' lang='lat' dir='ltr'><strong>dam</strong></span> <span class='ocrx_word' id='word_1_128' title='bbox 741 1331 960 1388; x_wconf 75' lang='lat' dir='ltr'><strong>Mediolanensem,</strong></span> <span class='ocrx_word' id='word_1_129' title='bbox 970 1329 1021 1387; x_wconf 80' lang='lat' dir='ltr'><strong>iam</strong></span> <span class='ocrx_word' id='word_1_130' title='bbox 1036 1329 1199 1389; x_wconf 86' lang='lat' dir='ltr'><strong>plurimorum</strong></span> 
     </span>
     <span class='ocr_line' id='line_1_15' title="bbox 112 1397 1199 1460; baseline -0.002 -12"><span class='ocrx_word' id='word_1_131' title='bbox 112 1400 176 1448; x_wconf 87' lang='lat' dir='ltr'><strong>tuita</strong></span> <span class='ocrx_word' id='word_1_132' title='bbox 185 1400 294 1448; x_wconf 88' lang='lat' dir='ltr'><strong>lectione</strong></span> <span class='ocrx_word' id='word_1_133' title='bbox 307 1399 388 1460; x_wconf 88' lang='lat' dir='ltr'><strong>patuit</strong></span> <span class='ocrx_word' id='word_1_134' title='bbox 403 1399 447 1460; x_wconf 89' lang='lat' dir='ltr'><strong>qui</strong></span> <span class='ocrx_word' id='word_1_135' title='bbox 458 1399 515 1448; x_wconf 82' lang='lat' dir='ltr'><strong>cmii</strong></span> <span class='ocrx_word' id='word_1_136' title='bbox 529 1400 644 1448; x_wconf 88' lang='lat' dir='ltr'><strong>enarrant</strong></span> <span class='ocrx_word' id='word_1_137' title='bbox 667 1402 771 1449; x_wconf 89' lang='lat' dir='ltr'><strong>matrem</strong></span> <span class='ocrx_word' id='word_1_138' title='bbox 788 1399 895 1447; x_wconf 83' lang='lat' dir='ltr'><strong>tiliorum</strong></span> <span class='ocrx_word' id='word_1_139' title='bbox 911 1398 990 1446; x_wconf 73' lang='lat' dir='ltr'><strong>letari</strong></span> <span class='ocrx_word' id='word_1_140' title='bbox 1006 1397 1126 1458; x_wconf 87' lang='lat' dir='ltr'><strong>passionis</strong></span> <span class='ocrx_word' id='word_1_141' title='bbox 1141 1409 1199 1458; x_wconf 87' lang='lat' dir='ltr'><strong>pro·</strong></span> 
     </span>
     <span class='ocr_line' id='line_1_16' title="bbox 112 1464 1162 1531; baseline -0.003 -15"><span class='ocrx_word' id='word_1_142' title='bbox 112 1470 214 1529; x_wconf 76' lang='lat' dir='ltr'><strong>planiam</strong></span> <span class='ocrx_word' id='word_1_143' title='bbox 241 1469 298 1517; x_wconf 88' lang='lat' dir='ltr'><strong>Del.</strong></span> <span class='ocrx_word' id='word_1_144' title='bbox 325 1469 449 1531; x_wconf 79' lang='lat' dir='ltr'><strong>adspicite</strong></span> <span class='ocrx_word' id='word_1_145' title='bbox 474 1467 507 1516; x_wconf 89' lang='lat' dir='ltr'><strong>sd</strong></span> <span class='ocrx_word' id='word_1_146' title='bbox 530 1468 643 1517; x_wconf 81' lang='lat' dir='ltr'><strong>dextram</strong></span> <span class='ocrx_word' id='word_1_147' title='bbox 667 1464 1162 1527; x_wconf 79' lang='lat' dir='ltr'><strong>prlaiecennsetsiluissetexenplisl</strong></span> 
     </span>
    </p>

    <p class='ocr_par' dir='ltr' id='par_1_3' title="bbox 112 1535 1200 1801">
     <span class='ocr_line' id='line_1_17' title="bbox 112 1535 1197 1599; baseline -0.003 -14"><span class='ocrx_word' id='word_1_148' title='bbox 112 1550 210 1597; x_wconf 83' lang='lat' dir='ltr'><strong>meam,</strong></span> <span class='ocrx_word' id='word_1_149' title='bbox 222 1537 341 1597; x_wconf 76' lang='lat' dir='ltr'>adspicite</span> <span class='ocrx_word' id='word_1_150' title='bbox 353 1537 384 1585; x_wconf 90' lang='lat' dir='ltr'><strong>ad</strong></span> <span class='ocrx_word' id='word_1_151' title='bbox 394 1538 518 1586; x_wconf 72' lang='lat' dir='ltr'>sinisiram</span> <span class='ocrx_word' id='word_1_152' title='bbox 526 1537 643 1599; x_wconf 75' lang='lat' dir='ltr'><strong>reliquias</strong></span> <span class='ocrx_word' id='word_1_153' title='bbox 696 1536 720 1584; x_wconf 88' lang='lat'><strong>8.</strong></span> <span class='ocrx_word' id='word_1_154' title='bbox 736 1553 749 1578; x_wconf 77' lang='lat' dir='ltr'><strong>s</strong></span> <span class='ocrx_word' id='word_1_155' title='bbox 759 1537 809 1583; x_wconf 80' lang='lat' dir='ltr'><strong>Nec</strong></span> <span class='ocrx_word' id='word_1_156' title='bbox 824 1536 871 1584; x_wconf 87' lang='lat' dir='ltr'><strong>boc</strong></span> <span class='ocrx_word' id='word_1_157' title='bbox 888 1535 1044 1583; x_wconf 79' lang='lat' dir='ltr'><strong>abhorrente</strong></span> <span class='ocrx_word' id='word_1_158' title='bbox 1056 1546 1114 1582; x_wconf 83' lang='lat' dir='ltr'><strong>uera</strong></span> <span class='ocrx_word' id='word_1_159' title='bbox 1130 1535 1197 1582; x_wconf 86' lang='lat' dir='ltr'><strong>tides</strong></span> 
     </span>
     <span class='ocr_line' id='line_1_18' title="bbox 113 1601 1198 1663; baseline -0.002 -11"><span class='ocrx_word' id='word_1_160' title='bbox 113 1606 293 1652; x_wconf 81' lang='lat' dir='ltr'><strong>sacrosanctas:</strong></span> <span class='ocrx_word' id='word_1_161' title='bbox 303 1604 386 1653; x_wconf 82' lang='lat' dir='ltr'><strong>videte</strong></span> <span class='ocrx_word' id='word_1_162' title='bbox 398 1604 506 1653; x_wconf 86' lang='lat' dir='ltr'><strong>coelestis</strong></span> <span class='ocrx_word' id='word_1_163' title='bbox 513 1616 643 1652; x_wconf 81' lang='lat' dir='ltr'><strong>conversa·</strong></span> <span class='ocrx_word' id='word_1_164' title='bbox 667 1605 773 1652; x_wconf 81' lang='lat' dir='ltr'><strong>Diesdici</strong></span> <span class='ocrx_word' id='word_1_165' title='bbox 783 1606 874 1652; x_wconf 82' lang='lat' dir='ltr'><strong>ensctni</strong></span> <span class='ocrx_word' id='word_1_166' title='bbox 885 1603 996 1660; x_wconf 77' lang='lat' dir='ltr'><strong>verbam,</strong></span> <span class='ocrx_word' id='word_1_167' title='bbox 1004 1603 1087 1650; x_wconf 89' lang='lat' dir='ltr'><strong>anima</strong></span> <span class='ocrx_word' id='word_1_168' title='bbox 1094 1601 1198 1663; x_wconf 75' lang='lat' dir='ltr'><strong>aninam,</strong></span> 
     </span>
     <span class='ocr_line' id='line_1_19' title="bbox 113 1671 1200 1733; baseline 0.001 -15"><span class='ocrx_word' id='word_1_169' title='bbox 113 1673 189 1720; x_wconf 87' lang='lat' dir='ltr'><strong>tionis</strong></span> <span class='ocrx_word' id='word_1_170' title='bbox 210 1672 289 1731; x_wconf 78' lang='lat' dir='ltr'><strong>viros,</strong></span> <span class='ocrx_word' id='word_1_171' title='bbox 310 1672 419 1733; x_wconf 83' lang='lat' dir='ltr'><strong>spectate</strong></span> <span class='ocrx_word' id='word_1_172' title='bbox 437 1672 514 1720; x_wconf 89' lang='lat' dir='ltr'><strong>animi</strong></span> <span class='ocrx_word' id='word_1_173' title='bbox 532 1673 644 1720; x_wconf 86' lang='lat' dir='ltr'><strong>sublimis</strong></span> <span class='ocrx_word' id='word_1_174' title='bbox 668 1673 718 1719; x_wconf 82' lang='lat' dir='ltr'><strong>vita</strong></span> <span class='ocrx_word' id='word_1_175' title='bbox 727 1672 802 1731; x_wconf 78' lang='lat' dir='ltr'><strong>vitas,</strong></span> <span class='ocrx_word' id='word_1_176' title='bbox 813 1671 963 1721; x_wconf 89' lang='lat' dir='ltr'><strong>resurrectio</strong></span> <span class='ocrx_word' id='word_1_177' title='bbox 974 1672 1159 1720; x_wconf 89' lang='lat' dir='ltr'><strong>resurrectioni.</strong></span> <span class='ocrx_word' id='word_1_178' title='bbox 1168 1673 1200 1720; x_wconf 74' lang='lat' dir='ltr'><strong>Bt</strong></span> 
     </span>
     <span class='ocr_line' id='line_1_20' title="bbox 113 1740 1200 1801; baseline -0.001 -13"><span class='ocrx_word' id='word_1_179' title='bbox 113 1740 231 1801; x_wconf 78' lang='lat' dir='ltr'><strong>nepaes.</strong></span> <span class='ocrx_word' id='word_1_180' title='bbox 248 1741 292 1790; x_wconf 88' lang='lat' dir='ltr'><strong>isti</strong></span> <span class='ocrx_word' id='word_1_181' title='bbox 306 1741 364 1790; x_wconf 89' lang='lat' dir='ltr'><strong>sunt</strong></span> <span class='ocrx_word' id='word_1_182' title='bbox 381 1741 455 1800; x_wconf 90' lang='lat' dir='ltr'><strong>coeli,</strong></span> <span class='ocrx_word' id='word_1_183' title='bbox 473 1740 517 1801; x_wconf 85' lang='lat' dir='ltr'><strong>qui</strong></span> <span class='ocrx_word' id='word_1_184' title='bbox 531 1743 645 1788; x_wconf 79' lang='lat' dir='ltr'><strong>enarrant</strong></span> <span class='ocrx_word' id='word_1_185' title='bbox 668 1740 1200 1798; x_wconf 60' lang='lat' dir='ltr'><strong>oocnoctiisdicotsemotiornmoccst,caro</strong></span> 
     </span>
    </p>
   </div>
   <div class='ocr_carea' id='block_1_3' title="bbox 114 1807 1280 1870">
    <p class='ocr_par' dir='ltr' id='par_1_4' title="bbox 114 1807 1280 1870">
     <span class='ocr_line' id='line_1_21' title="bbox 114 1807 1280 1870; baseline -0.002 -14"><span class='ocrx_word' id='word_1_186' title='bbox 114 1810 215 1868; x_wconf 72' lang='lat' dir='ltr'><strong>storiam</strong></span> <span class='ocrx_word' id='word_1_187' title='bbox 222 1809 269 1857; x_wconf 82' lang='lat' dir='ltr'><strong>Dei</strong></span> <span class='ocrx_word' id='word_1_188' title='bbox 282 1823 289 1856; x_wconf 79' lang='lat' dir='ltr'><strong>a</strong></span> <span class='ocrx_word' id='word_1_189' title='bbox 300 1811 353 1858; x_wconf 83' lang='lat' dir='ltr'><strong>base</strong></span> <span class='ocrx_word' id='word_1_190' title='bbox 362 1822 436 1870; x_wconf 90' lang='lat' dir='ltr'><strong>opera</strong></span> <span class='ocrx_word' id='word_1_191' title='bbox 448 1821 564 1857; x_wconf 89' lang='lat' dir='ltr'><strong>manuum</strong></span> <span class='ocrx_word' id='word_1_192' title='bbox 575 1808 644 1866; x_wconf 79' lang='lat' dir='ltr'><strong>eius,</strong></span> <span class='ocrx_word' id='word_1_193' title='bbox 668 1808 750 1866; x_wconf 91' lang='lat' dir='ltr'><strong>carni,</strong></span> <span class='ocrx_word' id='word_1_194' title='bbox 761 1820 868 1868; x_wconf 87' lang='lat' dir='ltr'><strong>qnorum</strong></span> <span class='ocrx_word' id='word_1_195' title='bbox 876 1809 1046 1869; x_wconf 77' lang='lat' dir='ltr'><strong>passionemm</strong></span> <span class='ocrx_word' id='word_1_196' title='bbox 1055 1807 1112 1854; x_wconf 90' lang='lat' dir='ltr'><strong>tidei</strong></span> <span class='ocrx_word' id='word_1_197' title='bbox 1120 1807 1200 1855; x_wconf 90' lang='lat' dir='ltr'><strong>scien·</strong></span> <span class='ocrx_word' id='word_1_198' title='bbox 1276 1824 1280 1831; x_wconf 62' lang='lat'><strong><em>¹</em></strong></span> 
     </span>
    </p>
   </div>
   <div class='ocr_carea' id='block_1_4' title="bbox 92 1875 1230 4123">
    <p class='ocr_par' dir='ltr' id='par_1_5' title="bbox 92 1875 1230 4123">
     <span class='ocr_line' id='line_1_22' title="bbox 115 1875 1199 1937; baseline -0.004 -11"><span class='ocrx_word' id='word_1_199' title='bbox 115 1890 169 1937; x_wconf 87' lang='lat' dir='ltr'><strong>quas</strong></span> <span class='ocrx_word' id='word_1_200' title='bbox 180 1878 306 1927; x_wconf 90' lang='lat' dir='ltr'><strong>annuntiat</strong></span> <span class='ocrx_word' id='word_1_201' title='bbox 315 1878 506 1926; x_wconf 83' lang='lat' dir='ltr'><strong>firmamentum.</strong></span> <span class='ocrx_word' id='word_1_202' title='bbox 517 1877 569 1924; x_wconf 86' lang='lat' dir='ltr'><strong>iton</strong></span> <span class='ocrx_word' id='word_1_203' title='bbox 577 1877 644 1924; x_wconf 87' lang='lat' dir='ltr'><strong>enirn</strong></span> <span class='ocrx_word' id='word_1_204' title='bbox 668 1876 729 1922; x_wconf 90' lang='lat' dir='ltr'><strong>tiam</strong></span> <span class='ocrx_word' id='word_1_205' title='bbox 746 1877 861 1925; x_wconf 89' lang='lat' dir='ltr'><strong>omnibus</strong></span> <span class='ocrx_word' id='word_1_206' title='bbox 874 1876 1003 1923; x_wconf 85' lang='lat' dir='ltr'><strong>indicavit.</strong></span> <span class='ocrx_word' id='word_1_207' title='bbox 1020 1875 1092 1922; x_wconf 83' lang='lat' dir='ltr'><strong>Bonae</strong></span> <span class='ocrx_word' id='word_1_208' title='bbox 1103 1877 1199 1935; x_wconf 89' lang='lat' dir='ltr'><strong>noctes,</strong></span> 
     </span>
     <span class='ocr_line' id='line_1_23' title="bbox 116 1942 1230 2007; baseline 0 -15"><span class='ocrx_word' id='word_1_209' title='bbox 116 1959 158 1994; x_wconf 83' lang='lat' dir='ltr'><strong>cos</strong></span> <span class='ocrx_word' id='word_1_210' title='bbox 168 1948 289 1995; x_wconf 75' lang='lat' dir='ltr'><strong>saecularis</strong></span> <span class='ocrx_word' id='word_1_211' title='bbox 297 1947 430 2007; x_wconf 85' lang='lat' dir='ltr'>illecebra,</span> <span class='ocrx_word' id='word_1_212' title='bbox 441 1945 485 1995; x_wconf 87' lang='lat' dir='ltr'><strong>sed</strong></span> <span class='ocrx_word' id='word_1_213' title='bbox 495 1943 573 1993; x_wconf 79' lang='lat' dir='ltr'><strong>divini</strong></span> <span class='ocrx_word' id='word_1_214' title='bbox 584 1956 645 2004; x_wconf 88' lang='lat' dir='ltr'><strong>ope·</strong></span> <span class='ocrx_word' id='word_1_215' title='bbox 669 1945 752 1991; x_wconf 88' lang='lat' dir='ltr'><strong>noctes</strong></span> <span class='ocrx_word' id='word_1_216' title='bbox 763 1944 865 2002; x_wconf 79' lang='lat' dir='ltr'><strong>lucidas,</strong></span> <span class='ocrx_word' id='word_1_217' title='bbox 876 1957 931 2004; x_wconf 78' lang='lat' dir='ltr'><strong>quaa</strong></span> <span class='ocrx_word' id='word_1_218' title='bbox 943 1942 1037 1991; x_wconf 87' lang='lat' dir='ltr'><strong>babent</strong></span> <span class='ocrx_word' id='word_1_219' title='bbox 1049 1943 1134 1990; x_wconf 89' lang='lat' dir='ltr'><strong>stelias</strong></span> <span class='ocrx_word' id='word_1_220' title='bbox 1144 1957 1151 1990; x_wconf 80' lang='lat' dir='ltr'><strong>a</strong></span> <span class='ocrx_word' id='word_1_221' title='bbox 1161 1947 1200 1992; x_wconf 82' lang='lat' dir='ltr'><strong>Si-</strong></span> <span class='ocrx_word' id='word_1_222' title='bbox 1227 1955 1230 1961; x_wconf 84' lang='lat'>·</span> 
     </span>
     <span class='ocr_line' id='line_1_24' title="bbox 115 2012 1199 2074; baseline -0.001 -13"><span class='ocrx_word' id='word_1_223' title='bbox 115 2015 149 2062; x_wconf 92' lang='lat' dir='ltr'><strong>ris</strong></span> <span class='ocrx_word' id='word_1_224' title='bbox 158 2015 234 2074; x_wconf 75' lang='lat' dir='ltr'><strong>gratia</strong></span> <span class='ocrx_word' id='word_1_225' title='bbox 245 2015 276 2062; x_wconf 88' lang='lat' dir='ltr'><strong>sd</strong></span> <span class='ocrx_word' id='word_1_226' title='bbox 287 2015 467 2062; x_wconf 81' lang='lat' dir='ltr'><strong>brrnannentuin</strong></span> <span class='ocrx_word' id='word_1_227' title='bbox 476 2013 644 2062; x_wconf 84' lang='lat' dir='ltr'><strong>sacratissimas</strong></span> <span class='ocrx_word' id='word_1_228' title='bbox 668 2015 707 2061; x_wconf 84' lang='lat' dir='ltr'><strong>coi</strong></span> <span class='ocrx_word' id='word_1_229' title='bbox 717 2015 779 2060; x_wconf 84' lang='lat' dir='ltr'><strong>caim</strong></span> <span class='ocrx_word' id='word_1_230' title='bbox 789 2015 856 2061; x_wconf 82' lang='lat' dir='ltr'><strong>stello</strong></span> <span class='ocrx_word' id='word_1_231' title='bbox 866 2028 882 2060; x_wconf 90' lang='lat' dir='ltr'><strong>o</strong></span> <span class='ocrx_word' id='word_1_232' title='bbox 892 2013 958 2060; x_wconf 82' lang='lat' dir='ltr'><strong>stello</strong></span> <span class='ocrx_word' id='word_1_233' title='bbox 966 2013 1040 2068; x_wconf 73' lang='lat' dir='ltr'><strong>dipel</strong></span> <span class='ocrx_word' id='word_1_234' title='bbox 1049 2012 1199 2070; x_wconf 64' lang='lat' dir='ltr'><strong>inclamate,</strong></span> 
     </span>
     <span class='ocr_line' id='line_1_25' title="bbox 114 2083 1045 2143; baseline -0.001 -15"><span class='ocrx_word' id='word_1_235' title='bbox 114 2083 233 2140; x_wconf 86' lang='lat' dir='ltr'><strong>passionis</strong></span> <span class='ocrx_word' id='word_1_236' title='bbox 240 2084 339 2131; x_wconf 85' lang='lat' dir='ltr'>evexit:</span> <span class='ocrx_word' id='word_1_237' title='bbox 349 2083 476 2143; x_wconf 87' lang='lat' dir='ltr'><strong>multoque</strong></span> <span class='ocrx_word' id='word_1_238' title='bbox 484 2083 542 2130; x_wconf 89' lang='lat' dir='ltr'><strong>ante</strong></span> <span class='ocrx_word' id='word_1_239' title='bbox 550 2094 644 2130; x_wconf 88' lang='lat' dir='ltr'><strong>morum</strong></span> <span class='ocrx_word' id='word_1_240' title='bbox 669 2084 703 2129; x_wconf 84' lang='lat' dir='ltr'><strong>ito</strong></span> <span class='ocrx_word' id='word_1_241' title='bbox 710 2084 732 2128; x_wconf 90' lang='lat' dir='ltr'><strong>ct</strong></span> <span class='ocrx_word' id='word_1_242' title='bbox 742 2083 880 2129; x_wconf 71' lang='lat' dir='ltr'><strong>rcrmscctio</strong></span> <span class='ocrx_word' id='word_1_243' title='bbox 889 2085 1045 2129; x_wconf 83' lang='lat' dir='ltr'><strong>mortoorum.</strong></span> 
     </span>
     <span class='ocr_line' id='line_1_26' title="bbox 114 2148 1200 2211; baseline 0.004 -16"><span class='ocrx_word' id='word_1_244' title='bbox 114 2148 282 2210; x_wconf 79' lang='lat' dir='ltr'><strong>virtutumque</strong></span> <span class='ocrx_word' id='word_1_245' title='bbox 293 2150 445 2199; x_wconf 89' lang='lat' dir='ltr'><strong>documentis</strong></span> <span class='ocrx_word' id='word_1_246' title='bbox 453 2150 608 2198; x_wconf 80' lang='lat' dir='ltr'><strong>annuntiavit</strong></span> <span class='ocrx_word' id='word_1_247' title='bbox 617 2149 644 2196; x_wconf 90' lang='lat' dir='ltr'><strong>in</strong></span> <span class='ocrx_word' id='word_1_248' title='bbox 696 2148 1200 2211; x_wconf 82' lang='lat' dir='ltr'><strong>9.»Nerrimmeritoautempleriqneisaac</strong></span> 
     </span>
     <span class='ocr_line' id='line_1_27' title="bbox 115 2217 1199 2280; baseline 0.004 -16"><span class='ocrx_word' id='word_1_249' title='bbox 115 2217 644 2280; x_wconf 84' lang='lat' dir='ltr'><strong>bismartyrium‚quodadsersuslubricum</strong></span> <span class='ocrx_word' id='word_1_250' title='bbox 670 2219 805 2278; x_wconf 86' lang='lat' dir='ltr'><strong>martyrum</strong></span> <span class='ocrx_word' id='word_1_251' title='bbox 829 2218 1036 2265; x_wconf 83' lang='lat' dir='ltr'><strong>resurrectionem</strong></span> <span class='ocrx_word' id='word_1_252' title='bbox 1056 2219 1199 2279; x_wconf 82' lang='lat' dir='ltr'><strong>appellant3</strong></span> 
     </span>
     <span class='ocr_line' id='line_1_28' title="bbox 115 2285 1199 2345; baseline 0 -10"><span class='ocrx_word' id='word_1_253' title='bbox 115 2287 198 2335; x_wconf 72' lang='lat' dir='ltr'><strong>meula</strong></span> <span class='ocrx_word' id='word_1_254' title='bbox 210 2287 282 2345; x_wconf 86' lang='lat' dir='ltr'><strong>hujus</strong></span> <span class='ocrx_word' id='word_1_255' title='bbox 292 2287 393 2335; x_wconf 89' lang='lat' dir='ltr'><strong>stabiles</strong></span> <span class='ocrx_word' id='word_1_256' title='bbox 402 2287 598 2345; x_wconf 86' lang='lat' dir='ltr'><strong>permanserunt.</strong></span> <span class='ocrx_word' id='word_1_257' title='bbox 670 2285 755 2333; x_wconf 77' lang='lat' dir='ltr'><strong>sidero</strong></span> <span class='ocrx_word' id='word_1_258' title='bbox 767 2286 851 2333; x_wconf 89' lang='lat' dir='ltr'><strong>tamen</strong></span> <span class='ocrx_word' id='word_1_259' title='bbox 869 2288 952 2335; x_wconf 88' lang='lat' dir='ltr'><strong>utrum</strong></span> <span class='ocrx_word' id='word_1_260' title='bbox 968 2286 1032 2345; x_wconf 90' lang='lat' dir='ltr'><strong>sibi,</strong></span> <span class='ocrx_word' id='word_1_261' title='bbox 1042 2286 1114 2334; x_wconf 90' lang='lat' dir='ltr'><strong>nobis</strong></span> <span class='ocrx_word' id='word_1_262' title='bbox 1131 2290 1199 2336; x_wconf 86' lang='lat' dir='ltr'><strong>certe</strong></span> 
     </span>
     <span class='ocr_line' id='line_1_29' title="bbox 146 2352 1201 2416; baseline 0.001 -14"><span class='ocrx_word' id='word_1_263' title='bbox 146 2354 448 2413; x_wconf 55' lang='lat' dir='ltr'><strong>andstandandans,</strong></span> <span class='ocrx_word' id='word_1_264' title='bbox 456 2352 646 2413; x_wconf 78' lang='lat' dir='ltr'><strong>qaiaittitostro</strong></span> <span class='ocrx_word' id='word_1_265' title='bbox 670 2355 789 2413; x_wconf 79' lang='lat' dir='ltr'><strong>martyres</strong></span> <span class='ocrx_word' id='word_1_266' title='bbox 814 2355 1005 2402; x_wconf 83' lang='lat' dir='ltr'><strong>resurrexerint.</strong></span> <span class='ocrx_word' id='word_1_267' title='bbox 1032 2356 1201 2416; x_wconf 61' lang='lat' dir='ltr'><strong>cognovistis,</strong></span> 
     </span>
     <span class='ocr_line' id='line_1_30' title="bbox 115 2421 1201 2483; baseline 0 -11"><span class='ocrx_word' id='word_1_268' title='bbox 115 2426 257 2472; x_wconf 61' lang='lat' dir='ltr'><strong>conceretio</strong></span> <span class='ocrx_word' id='word_1_269' title='bbox 268 2424 362 2472; x_wconf 79' lang='lat' dir='ltr'><strong>locetis</strong></span> <span class='ocrx_word' id='word_1_270' title='bbox 372 2426 414 2471; x_wconf 87' lang='lat' dir='ltr'><strong>est.</strong></span> <span class='ocrx_word' id='word_1_271' title='bbox 425 2421 484 2468; x_wconf 76' lang='lat' dir='ltr'><strong>cmii</strong></span> <span class='ocrx_word' id='word_1_272' title='bbox 496 2422 645 2469; x_wconf 81' lang='lat' dir='ltr'><strong>eranttaco-</strong></span> <span class='ocrx_word' id='word_1_273' title='bbox 670 2422 745 2469; x_wconf 89' lang='lat' dir='ltr'><strong>immo</strong></span> <span class='ocrx_word' id='word_1_274' title='bbox 762 2423 858 2471; x_wconf 80' lang='lat' dir='ltr'><strong>vidistis</strong></span> <span class='ocrx_word' id='word_1_275' title='bbox 873 2423 920 2483; x_wconf 91' lang='lat' dir='ltr'><strong>ipsi</strong></span> <span class='ocrx_word' id='word_1_276' title='bbox 936 2424 1025 2472; x_wconf 87' lang='lat' dir='ltr'><strong>multos</strong></span> <span class='ocrx_word' id='word_1_277' title='bbox 1043 2436 1057 2470; x_wconf 91' lang='lat' dir='ltr'><strong>a</strong></span> <span class='ocrx_word' id='word_1_278' title='bbox 1075 2424 1201 2472; x_wconf 57' lang='lat' dir='ltr'><strong>manentis</strong></span> 
     </span>
     <span class='ocr_line' id='line_1_31' title="bbox 116 2488 1200 2551; baseline 0.002 -13"><span class='ocrx_word' id='word_1_279' title='bbox 116 2491 162 2538; x_wconf 89' lang='lat' dir='ltr'><strong>bus</strong></span> <span class='ocrx_word' id='word_1_280' title='bbox 175 2493 201 2539; x_wconf 91' lang='lat' dir='ltr'><strong>et</strong></span> <span class='ocrx_word' id='word_1_281' title='bbox 211 2491 334 2545; x_wconf 81' lang='lat' dir='ltr'><strong>lelsnnnes</strong></span> <span class='ocrx_word' id='word_1_282' title='bbox 345 2503 352 2536; x_wconf 81' lang='lat' dir='ltr'><strong>s</strong></span> <span class='ocrx_word' id='word_1_283' title='bbox 364 2490 471 2549; x_wconf 85' lang='lat' dir='ltr'><strong>denique</strong></span> <span class='ocrx_word' id='word_1_284' title='bbox 488 2488 534 2535; x_wconf 88' lang='lat' dir='ltr'><strong>tilii</strong></span> <span class='ocrx_word' id='word_1_285' title='bbox 544 2489 645 2536; x_wconf 86' lang='lat' dir='ltr'><strong>tonitrui</strong></span> <span class='ocrx_word' id='word_1_286' title='bbox 671 2491 801 2550; x_wconf 77' lang='lat' dir='ltr'><strong>purgatos:</strong></span> <span class='ocrx_word' id='word_1_287' title='bbox 816 2490 935 2550; x_wconf 88' lang='lat' dir='ltr'><strong>plurimos</strong></span> <span class='ocrx_word' id='word_1_288' title='bbox 946 2491 1037 2551; x_wconf 86' lang='lat' dir='ltr'><strong>etism,</strong></span> <span class='ocrx_word' id='word_1_289' title='bbox 1052 2493 1094 2539; x_wconf 89' lang='lat' dir='ltr'><strong>ubi</strong></span> <span class='ocrx_word' id='word_1_290' title='bbox 1107 2496 1200 2541; x_wconf 85' lang='lat' dir='ltr'><strong>vestem</strong></span> 
     </span>
     <span class='ocr_line' id='line_1_32' title="bbox 116 2556 1201 2620; baseline 0.002 -14"><span class='ocrx_word' id='word_1_291' title='bbox 116 2560 310 2619; x_wconf 69' lang='lat' dir='ltr'><strong>sansacupanturs</strong></span> <span class='ocrx_word' id='word_1_292' title='bbox 335 2559 361 2605; x_wconf 94' lang='lat' dir='ltr'><strong>et</strong></span> <span class='ocrx_word' id='word_1_293' title='bbox 382 2558 438 2606; x_wconf 88' lang='lat' dir='ltr'><strong>idco</strong></span> <span class='ocrx_word' id='word_1_294' title='bbox 462 2556 532 2616; x_wconf 85' lang='lat' dir='ltr'><strong>quasi</strong></span> <span class='ocrx_word' id='word_1_295' title='bbox 558 2556 645 2605; x_wconf 85' lang='lat' dir='ltr'><strong>coelum</strong></span> <span class='ocrx_word' id='word_1_296' title='bbox 671 2560 808 2606; x_wconf 84' lang='lat' dir='ltr'><strong>sarsctorum</strong></span> <span class='ocrx_word' id='word_1_297' title='bbox 835 2559 948 2608; x_wconf 90' lang='lat' dir='ltr'><strong>manibus</strong></span> <span class='ocrx_word' id='word_1_298' title='bbox 973 2561 1144 2620; x_wconf 73' lang='lat' dir='ltr'><strong>contigerunt,</strong></span> <span class='ocrx_word' id='word_1_299' title='bbox 1170 2561 1201 2608; x_wconf 88' lang='lat' dir='ltr'><strong>iis</strong></span> 
     </span>
     <span class='ocr_line' id='line_1_33' title="bbox 115 2624 1202 2692; baseline 0.004 -17"><span class='ocrx_word' id='word_1_300' title='bbox 115 2624 647 2692; x_wconf 78' lang='lat' dir='ltr'><strong>lebannest’erbumspndDeumridit.lpse</strong></span> <span class='ocrx_word' id='word_1_301' title='bbox 671 2627 760 2687; x_wconf 87' lang='lat' dir='ltr'><strong>quibus</strong></span> <span class='ocrx_word' id='word_1_302' title='bbox 775 2628 929 2687; x_wconf 90' lang='lat' dir='ltr'><strong>laborabant,</strong></span> <span class='ocrx_word' id='word_1_303' title='bbox 945 2629 1115 2678; x_wconf 85' lang='lat' dir='ltr'>debilitatibus</span> <span class='ocrx_word' id='word_1_304' title='bbox 1130 2633 1202 2679; x_wconf 88' lang='lat' dir='ltr'><strong>abso·</strong></span> 
     </span>
     <span class='ocr_line' id='line_1_34' title="bbox 117 2694 1202 2757; baseline 0.005 -16"><span class='ocrx_word' id='word_1_305' title='bbox 117 2696 236 2743; x_wconf 83' lang='lat' dir='ltr'><strong>Dominus</strong></span> <span class='ocrx_word' id='word_1_306' title='bbox 254 2696 325 2740; x_wconf 80' lang='lat' dir='ltr'><strong>iesus</strong></span> <span class='ocrx_word' id='word_1_307' title='bbox 341 2695 456 2754; x_wconf 87' lang='lat' dir='ltr'><strong>perpetui</strong></span> <span class='ocrx_word' id='word_1_308' title='bbox 475 2694 577 2741; x_wconf 86' lang='lat' dir='ltr'><strong>luminis</strong></span> <span class='ocrx_word' id='word_1_309' title='bbox 595 2697 649 2742; x_wconf 90' lang='lat' dir='ltr'><strong>erat</strong></span> <span class='ocrx_word' id='word_1_310' title='bbox 672 2696 735 2743; x_wconf 80' lang='lat' dir='ltr'><strong>iarios</strong></span> <span class='ocrx_word' id='word_1_311' title='bbox 746 2708 753 2742; x_wconf 78' lang='lat' dir='ltr'><strong>a</strong></span> <span class='ocrx_word' id='word_1_312' title='bbox 764 2699 876 2756; x_wconf 85' lang='lat' dir='ltr'><strong>reparata</strong></span> <span class='ocrx_word' id='word_1_313' title='bbox 892 2699 983 2745; x_wconf 84' lang='lat' dir='ltr'><strong>vetusti</strong></span> <span class='ocrx_word' id='word_1_314' title='bbox 995 2699 1112 2757; x_wconf 81' lang='lat' dir='ltr'><strong>temporis</strong></span> <span class='ocrx_word' id='word_1_315' title='bbox 1127 2700 1202 2747; x_wconf 85' lang='lat' dir='ltr'><strong>mira-</strong></span> 
     </span>
     <span class='ocr_line' id='line_1_35' title="bbox 117 2764 1201 2826; baseline 0.004 -14"><span class='ocrx_word' id='word_1_316' title='bbox 117 2766 206 2812; x_wconf 85' lang='lat' dir='ltr'><strong>coelum</strong></span> <span class='ocrx_word' id='word_1_317' title='bbox 214 2776 282 2821; x_wconf 79' lang='lat' dir='ltr'><strong>,cuin</strong></span> <span class='ocrx_word' id='word_1_318' title='bbox 292 2765 417 2811; x_wconf 83' lang='lat' dir='ltr'><strong>enarraret</strong></span> <span class='ocrx_word' id='word_1_319' title='bbox 425 2765 469 2810; x_wconf 87' lang='lat' dir='ltr'><strong>Dei</strong></span> <span class='ocrx_word' id='word_1_320' title='bbox 478 2764 580 2823; x_wconf 72' lang='lat' dir='ltr'><strong>gloriam</strong></span> <span class='ocrx_word' id='word_1_321' title='bbox 588 2797 595 2823; x_wconf 93' lang='lat'><strong>,</strong></span> <span class='ocrx_word' id='word_1_322' title='bbox 604 2764 648 2811; x_wconf 87' lang='lat' dir='ltr'><strong>sed</strong></span> <span class='ocrx_word' id='word_1_323' title='bbox 672 2764 741 2824; x_wconf 89' lang='lat' dir='ltr'><strong>cuia,</strong></span> <span class='ocrx_word' id='word_1_324' title='bbox 752 2777 800 2824; x_wconf 85' lang='lat' dir='ltr'><strong>quo</strong></span> <span class='ocrx_word' id='word_1_325' title='bbox 811 2766 1029 2826; x_wconf 72' lang='lat' dir='ltr'><strong>superadventum</strong></span> <span class='ocrx_word' id='word_1_326' title='bbox 1039 2767 1201 2816; x_wconf 81' lang='lat' dir='ltr'><strong>Dominilesu</strong></span> 
     </span>
     <span class='ocr_line' id='line_1_36' title="bbox 117 2831 1200 2895; baseline 0.006 -17"><span class='ocrx_word' id='word_1_327' title='bbox 117 2844 171 2878; x_wconf 87' lang='lat' dir='ltr'><strong>eam</strong></span> <span class='ocrx_word' id='word_1_328' title='bbox 186 2844 258 2890; x_wconf 84' lang='lat' dir='ltr'><strong>quarn</strong></span> <span class='ocrx_word' id='word_1_329' title='bbox 273 2844 345 2879; x_wconf 86' lang='lat' dir='ltr'><strong>nemo</strong></span> <span class='ocrx_word' id='word_1_330' title='bbox 363 2831 420 2879; x_wconf 85' lang='lat' dir='ltr'><strong>ante</strong></span> <span class='ocrx_word' id='word_1_331' title='bbox 437 2834 608 2893; x_wconf 84' lang='lat' dir='ltr'><strong>conspexerat.</strong></span> <span class='ocrx_word' id='word_1_332' title='bbox 619 2835 648 2880; x_wconf 87' lang='lat' dir='ltr'><strong>El</strong></span> <span class='ocrx_word' id='word_1_333' title='bbox 672 2834 748 2893; x_wconf 75' lang='lat' dir='ltr'><strong>gratia</strong></span> <span class='ocrx_word' id='word_1_334' title='bbox 770 2836 842 2882; x_wconf 88' lang='lat' dir='ltr'><strong>terris</strong></span> <span class='ocrx_word' id='word_1_335' title='bbox 861 2836 939 2893; x_wconf 80' lang='lat' dir='ltr'><strong>maior</strong></span> <span class='ocrx_word' id='word_1_336' title='bbox 957 2836 1096 2895; x_wconf 75' lang='lat' dir='ltr'><strong>infuderat,</strong></span> <span class='ocrx_word' id='word_1_337' title='bbox 1115 2839 1200 2884; x_wconf 75' lang='lat' dir='ltr'><strong>umlsra</strong></span> 
     </span>
     <span class='ocr_line' id='line_1_37' title="bbox 118 2899 1202 2966; baseline 0.007 -20"><span class='ocrx_word' id='word_1_338' title='bbox 118 2900 174 2947; x_wconf 92' lang='lat' dir='ltr'><strong>ideo</strong></span> <span class='ocrx_word' id='word_1_339' title='bbox 186 2899 270 2946; x_wconf 81' lang='lat' dir='ltr'><strong>dixit:</strong></span> <span class='ocrx_word' id='word_1_340' title='bbox 282 2904 359 2948; x_wconf 82' lang='lat' dir='ltr'><strong>ileum</strong></span> <span class='ocrx_word' id='word_1_341' title='bbox 374 2913 441 2948; x_wconf 85' lang='lat' dir='ltr'><strong>nemo</strong></span> <span class='ocrx_word' id='word_1_342' title='bbox 454 2902 510 2948; x_wconf 85' lang='lat' dir='ltr'><strong>cidit</strong></span> <span class='ocrx_word' id='word_1_343' title='bbox 521 2914 647 2962; x_wconf 79' lang='lat' dir='ltr'><strong>umquam,</strong></span> <span class='ocrx_word' id='word_1_344' title='bbox 672 2903 775 2963; x_wconf 82' lang='lat' dir='ltr'><strong>quadam</strong></span> <span class='ocrx_word' id='word_1_345' title='bbox 783 2906 920 2952; x_wconf 90' lang='lat' dir='ltr'><strong>sanctorum</strong></span> <span class='ocrx_word' id='word_1_346' title='bbox 932 2917 1060 2965; x_wconf 83' lang='lat' dir='ltr'><strong>corporum</strong></span> <span class='ocrx_word' id='word_1_347' title='bbox 1072 2907 1202 2966; x_wconf 85' lang='lat' dir='ltr'><strong>plerosque</strong></span> 
     </span>
     <span class='ocr_line' id='line_1_38' title="bbox 116 2970 1204 3032; baseline 0.006 -16"><span class='ocrx_word' id='word_1_348' title='bbox 116 2970 164 3016; x_wconf 83' lang='lat' dir='ltr'><strong>uisi</strong></span> <span class='ocrx_word' id='word_1_349' title='bbox 173 2971 303 3028; x_wconf 70' lang='lat' dir='ltr'><strong>salernitate</strong></span> <span class='ocrx_word' id='word_1_350' title='bbox 313 2971 400 3026; x_wconf 78' lang='lat' dir='ltr'><strong>Filius,</strong></span> <span class='ocrx_word' id='word_1_351' title='bbox 412 2971 452 3030; x_wconf 79' lang='lat' dir='ltr'><strong>qui</strong></span> <span class='ocrx_word' id='word_1_352' title='bbox 461 2971 494 3016; x_wconf 88' lang='lat' dir='ltr'><strong>cst</strong></span> <span class='ocrx_word' id='word_1_353' title='bbox 502 2971 526 3016; x_wconf 83' lang='lat' dir='ltr'><strong>iss</strong></span> <span class='ocrx_word' id='word_1_354' title='bbox 536 2971 649 3016; x_wconf 81' lang='lat' dir='ltr'><strong>sinasPe·</strong></span> <span class='ocrx_word' id='word_1_355' title='bbox 673 2975 771 3019; x_wconf 90' lang='lat' dir='ltr'><strong>sanatos</strong></span> <span class='ocrx_word' id='word_1_356' title='bbox 781 2973 890 3019; x_wconf 88' lang='lat' dir='ltr'><strong>cernitis.</strong></span> <span class='ocrx_word' id='word_1_357' title='bbox 906 2974 1001 3030; x_wconf 87' lang='lat' dir='ltr'><strong>Quanta</strong></span> <span class='ocrx_word' id='word_1_358' title='bbox 1018 2975 1097 3021; x_wconf 89' lang='lat' dir='ltr'><strong>oraria</strong></span> <span class='ocrx_word' id='word_1_359' title='bbox 1109 2973 1119 2992; x_wconf 77' lang='lat'>⁸</span> <span class='ocrx_word' id='word_1_360' title='bbox 1128 2974 1204 3032; x_wconf 82' lang='lat' dir='ltr'><strong>jacti·</strong></span> 
     </span>
     <span class='ocr_line' id='line_1_39' title="bbox 117 3037 1203 3102; baseline 0.005 -17"><span class='ocrx_word' id='word_1_361' title='bbox 117 3039 173 3095; x_wconf 87' lang='lat' dir='ltr'><strong>tris,</strong></span> <span class='ocrx_word' id='word_1_362' title='bbox 184 3041 230 3097; x_wconf 86' lang='lat' dir='ltr'><strong>ipsc</strong></span> <span class='ocrx_word' id='word_1_363' title='bbox 245 3040 373 3085; x_wconf 71' lang='lat' dir='ltr'><strong>connecti.</strong></span> <span class='ocrx_word' id='word_1_364' title='bbox 390 3037 469 3098; x_wconf 86' lang='lat' dir='ltr'><strong>Opera</strong></span> <span class='ocrx_word' id='word_1_365' title='bbox 485 3050 584 3097; x_wconf 79' lang='lat' dir='ltr'><strong>quoque</strong></span> <span class='ocrx_word' id='word_1_366' title='bbox 596 3050 648 3085; x_wconf 84' lang='lat' dir='ltr'><strong>rna·</strong></span> <span class='ocrx_word' id='word_1_367' title='bbox 673 3040 770 3087; x_wconf 86' lang='lat' dir='ltr'><strong>tantari</strong></span> <span class='ocrx_word' id='word_1_368' title='bbox 786 3043 876 3100; x_wconf 87' lang='lat' dir='ltr'><strong>quanta</strong></span> <span class='ocrx_word' id='word_1_369' title='bbox 895 3041 1040 3089; x_wconf 89' lang='lat' dir='ltr'><strong>indumenta</strong></span> <span class='ocrx_word' id='word_1_370' title='bbox 1056 3055 1131 3102; x_wconf 86' lang='lat' dir='ltr'><strong>snper</strong></span> <span class='ocrx_word' id='word_1_371' title='bbox 1144 3044 1203 3090; x_wconf 85' lang='lat' dir='ltr'><strong>reli-</strong></span> 
     </span>
     <span class='ocr_line' id='line_1_40' title="bbox 117 3107 1204 3168; baseline 0.002 -12"><span class='ocrx_word' id='word_1_372' title='bbox 117 3120 195 3156; x_wconf 84' lang='lat' dir='ltr'><strong>nunrn</strong></span> <span class='ocrx_word' id='word_1_373' title='bbox 204 3108 248 3154; x_wconf 86' lang='lat' dir='ltr'><strong>Dei</strong></span> <span class='ocrx_word' id='word_1_374' title='bbox 258 3108 278 3154; x_wconf 87' lang='lat' dir='ltr'><strong>si</strong></span> <span class='ocrx_word' id='word_1_375' title='bbox 287 3107 647 3167; x_wconf 68' lang='lat' dir='ltr'><strong>qnaerisaudiiobdiccntem:</strong></span> <span class='ocrx_word' id='word_1_376' title='bbox 673 3110 743 3168; x_wconf 79' lang='lat' dir='ltr'><strong>qalias</strong></span> <span class='ocrx_word' id='word_1_377' title='bbox 757 3110 931 3157; x_wconf 86' lang='lat' dir='ltr'><strong>sacratissimas</strong></span> <span class='ocrx_word' id='word_1_378' title='bbox 944 3111 968 3156; x_wconf 86' lang='lat' dir='ltr'><strong>ct</strong></span> <span class='ocrx_word' id='word_1_379' title='bbox 981 3111 1047 3157; x_wconf 90' lang='lat' dir='ltr'><strong>tactu</strong></span> <span class='ocrx_word' id='word_1_380' title='bbox 1060 3110 1113 3168; x_wconf 89' lang='lat' dir='ltr'><strong>ipso</strong></span> <span class='ocrx_word' id='word_1_381' title='bbox 1125 3112 1204 3158; x_wconf 81' lang='lat' dir='ltr'><strong>inedi-</strong></span> 
     </span>
     <span class='ocr_line' id='line_1_41' title="bbox 117 3174 1204 3235; baseline 0.003 -12"><span class='ocrx_word' id='word_1_382' title='bbox 117 3176 215 3235; x_wconf 80' lang='lat' dir='ltr'><strong>Spiritus</strong></span> <span class='ocrx_word' id='word_1_383' title='bbox 232 3177 336 3231; x_wconf 73' lang='lat' dir='ltr'><strong>divinas,</strong></span> <span class='ocrx_word' id='word_1_384' title='bbox 355 3177 396 3234; x_wconf 80' lang='lat' dir='ltr'><strong>qui</strong></span> <span class='ocrx_word' id='word_1_385' title='bbox 414 3175 465 3232; x_wconf 77' lang='lat' dir='ltr'><strong>tecit</strong></span> <span class='ocrx_word' id='word_1_386' title='bbox 482 3187 528 3220; x_wconf 82' lang='lat' dir='ltr'><strong>sne.</strong></span> <span class='ocrx_word' id='word_1_387' title='bbox 548 3175 576 3220; x_wconf 81' lang='lat' dir='ltr'><strong>lit</strong></span> <span class='ocrx_word' id='word_1_388' title='bbox 593 3174 649 3221; x_wconf 88' lang='lat' dir='ltr'><strong>ideo</strong></span> <span class='ocrx_word' id='word_1_389' title='bbox 674 3178 763 3223; x_wconf 89' lang='lat' dir='ltr'><strong>cabilia</strong></span> <span class='ocrx_word' id='word_1_390' title='bbox 784 3178 964 3235; x_wconf 78' lang='lat' dir='ltr'><strong>reposcuntur!</strong></span> <span class='ocrx_word' id='word_1_391' title='bbox 987 3179 1099 3225; x_wconf 87' lang='lat' dir='ltr'><strong>Gaudent</strong></span> <span class='ocrx_word' id='word_1_392' title='bbox 1118 3193 1204 3226; x_wconf 88' lang='lat' dir='ltr'><strong>omncs</strong></span> 
     </span>
     <span class='ocr_line' id='line_1_42' title="bbox 119 3242 1203 3305; baseline 0.005 -15"><span class='ocrx_word' id='word_1_393' title='bbox 119 3245 237 3291; x_wconf 83' lang='lat' dir='ltr'><strong>aslversus</strong></span> <span class='ocrx_word' id='word_1_394' title='bbox 252 3243 344 3290; x_wconf 89' lang='lat' dir='ltr'><strong>diaboti</strong></span> <span class='ocrx_word' id='word_1_395' title='bbox 358 3243 509 3289; x_wconf 85' lang='lat' dir='ltr'><strong>tentamenta</strong></span> <span class='ocrx_word' id='word_1_396' title='bbox 525 3242 647 3300; x_wconf 80' lang='lat' dir='ltr'><strong>firmatus,</strong></span> <span class='ocrx_word' id='word_1_397' title='bbox 675 3248 785 3291; x_wconf 85' lang='lat' dir='ltr'><strong>extrema</strong></span> <span class='ocrx_word' id='word_1_398' title='bbox 793 3245 859 3291; x_wconf 92' lang='lat' dir='ltr'><strong>linea</strong></span> <span class='ocrx_word' id='word_1_399' title='bbox 868 3245 1025 3303; x_wconf 59' lang='lat' dir='ltr'><strong>continuem</strong></span> <span class='ocrx_word' id='word_1_400' title='bbox 1038 3247 1113 3305; x_wconf 86' lang='lat' dir='ltr'><strong>etqui</strong></span> <span class='ocrx_word' id='word_1_401' title='bbox 1124 3249 1203 3295; x_wconf 89' lang='lat' dir='ltr'><strong>conti-</strong></span> 
     </span>
     <span class='ocr_line' id='line_1_43' title="bbox 118 3309 919 3371; baseline 0 -13"><span class='ocrx_word' id='word_1_402' title='bbox 118 3312 243 3358; x_wconf 83' lang='lat' dir='ltr'><strong>inoiieusae</strong></span> <span class='ocrx_word' id='word_1_403' title='bbox 261 3312 393 3369; x_wconf 71' lang='lat' dir='ltr'><strong>vestigium</strong></span> <span class='ocrx_word' id='word_1_404' title='bbox 411 3309 553 3356; x_wconf 75' lang='lat' dir='ltr'><strong>constantiae</strong></span> <span class='ocrx_word' id='word_1_405' title='bbox 568 3322 651 3357; x_wconf 83' lang='lat' dir='ltr'><strong>serva·</strong></span> <span class='ocrx_word' id='word_1_406' title='bbox 676 3312 756 3371; x_wconf 74' lang='lat' dir='ltr'><strong>perit,</strong></span> <span class='ocrx_word' id='word_1_407' title='bbox 768 3312 851 3358; x_wconf 83' lang='lat' dir='ltr'><strong>salvus</strong></span> <span class='ocrx_word' id='word_1_408' title='bbox 862 3312 919 3358; x_wconf 75' lang='lat' dir='ltr'><strong>crib</strong></span> 
     </span>
     <span class='ocr_line' id='line_1_44' title="bbox 118 3378 1204 3442; baseline 0.003 -15"><span class='ocrx_word' id='word_1_409' title='bbox 118 3380 164 3427; x_wconf 81' lang='lat' dir='ltr'><strong>sit.</strong></span> <span class='ocrx_word' id='word_1_410' title='bbox 177 3378 224 3426; x_wconf 87' lang='lat' dir='ltr'><strong>Sed</strong></span> <span class='ocrx_word' id='word_1_411' title='bbox 235 3379 364 3426; x_wconf 85' lang='lat' dir='ltr'><strong>veniamus</strong></span> <span class='ocrx_word' id='word_1_412' title='bbox 375 3378 405 3424; x_wconf 90' lang='lat' dir='ltr'><strong>ad</strong></span> <span class='ocrx_word' id='word_1_413' title='bbox 417 3378 521 3437; x_wconf 87' lang='lat' dir='ltr'><strong>reliqna.</strong></span> <span class='ocrx_word' id='word_1_414' title='bbox 707 3381 745 3425; x_wconf 86' lang='lat' dir='ltr'><strong>lii.</strong></span> <span class='ocrx_word' id='word_1_415' title='bbox 755 3380 871 3427; x_wconf 83' lang='lat' dir='ltr'><strong>»Gratias</strong></span> <span class='ocrx_word' id='word_1_416' title='bbox 881 3380 938 3438; x_wconf 93' lang='lat' dir='ltr'><strong>tibi,</strong></span> <span class='ocrx_word' id='word_1_417' title='bbox 947 3382 1050 3427; x_wconf 83' lang='lat' dir='ltr'><strong>Domine</strong></span> <span class='ocrx_word' id='word_1_418' title='bbox 1059 3383 1130 3440; x_wconf 79' lang='lat' dir='ltr'><strong>lesu,</strong></span> <span class='ocrx_word' id='word_1_419' title='bbox 1139 3384 1204 3442; x_wconf 79' lang='lat' dir='ltr'><strong>qnod</strong></span> 
     </span>
     <span class='ocr_line' id='line_1_45' title="bbox 149 3446 1206 3508; baseline 0.003 -14"><span class='ocrx_word' id='word_1_420' title='bbox 149 3449 172 3495; x_wconf 86' lang='grc'><strong>6.</strong></span> <span class='ocrx_word' id='word_1_421' title='bbox 180 3450 268 3505; x_wconf 72' lang='lat' dir='ltr'><strong>sities,</strong></span> <span class='ocrx_word' id='word_1_422' title='bbox 285 3447 380 3507; x_wconf 83' lang='lat' dir='ltr'><strong>inquit,</strong></span> <span class='ocrx_word' id='word_1_423' title='bbox 390 3449 436 3493; x_wconf 85' lang='lat' dir='ltr'><strong>diri</strong></span> <span class='ocrx_word' id='word_1_424' title='bbox 447 3448 536 3492; x_wconf 85' lang='lat' dir='ltr'><strong>cruciat</strong></span> <span class='ocrx_word' id='word_1_425' title='bbox 545 3446 649 3493; x_wconf 85' lang='lat' dir='ltr'><strong>ccrbons.</strong></span> <span class='ocrx_word' id='word_1_426' title='bbox 678 3447 723 3495; x_wconf 93' lang='lat' dir='ltr'><strong>hoc</strong></span> <span class='ocrx_word' id='word_1_427' title='bbox 731 3450 839 3508; x_wconf 88' lang='lat' dir='ltr'><strong>tempore</strong></span> <span class='ocrx_word' id='word_1_428' title='bbox 849 3449 910 3496; x_wconf 88' lang='lat' dir='ltr'><strong>tales</strong></span> <span class='ocrx_word' id='word_1_429' title='bbox 918 3449 987 3495; x_wconf 91' lang='lat' dir='ltr'><strong>nobis</strong></span> <span class='ocrx_word' id='word_1_430' title='bbox 997 3450 1132 3496; x_wconf 89' lang='lat' dir='ltr'><strong>sanctornm</strong></span> <span class='ocrx_word' id='word_1_431' title='bbox 1141 3463 1206 3497; x_wconf 87' lang='lat' dir='ltr'><strong>mar·</strong></span> 
     </span>
     <span class='ocr_line' id='line_1_46' title="bbox 121 3513 1204 3576; baseline 0.004 -14"><span class='ocrx_word' id='word_1_432' title='bbox 121 3518 182 3564; x_wconf 83' lang='lat' dir='ltr'><strong>Ecce</strong></span> <span class='ocrx_word' id='word_1_433' title='bbox 196 3518 248 3563; x_wconf 81' lang='lat' dir='ltr'><strong>veri</strong></span> <span class='ocrx_word' id='word_1_434' title='bbox 260 3514 474 3575; x_wconf 85' lang='lat' dir='ltr'><strong>dies,quosnuiia</strong></span> <span class='ocrx_word' id='word_1_435' title='bbox 485 3513 562 3573; x_wconf 74' lang='lat' dir='ltr'><strong>caligo</strong></span> <span class='ocrx_word' id='word_1_436' title='bbox 573 3515 652 3561; x_wconf 87' lang='lat' dir='ltr'><strong>noctis</strong></span> <span class='ocrx_word' id='word_1_437' title='bbox 677 3518 759 3575; x_wconf 87' lang='lat' dir='ltr'><strong>tyrum</strong></span> <span class='ocrx_word' id='word_1_438' title='bbox 771 3518 871 3576; x_wconf 87' lang='lat' dir='ltr'><strong>spiritus</strong></span> <span class='ocrx_word' id='word_1_439' title='bbox 886 3517 1015 3574; x_wconf 84' lang='lat' dir='ltr'><strong>excitasti,</strong></span> <span class='ocrx_word' id='word_1_440' title='bbox 1032 3531 1079 3576; x_wconf 87' lang='lat' dir='ltr'><strong>quo</strong></span> <span class='ocrx_word' id='word_1_441' title='bbox 1098 3519 1204 3566; x_wconf 84' lang='lat' dir='ltr'><strong>Ecclesia</strong></span> 
     </span>
     <span class='ocr_line' id='line_1_47' title="bbox 120 3582 1205 3647; baseline 0.005 -17"><span class='ocrx_word' id='word_1_442' title='bbox 120 3584 261 3643; x_wconf 80' lang='lat' dir='ltr'><strong>interpolat.</strong></span> <span class='ocrx_word' id='word_1_443' title='bbox 273 3586 334 3631; x_wconf 85' lang='lat' dir='ltr'><strong>Ecce</strong></span> <span class='ocrx_word' id='word_1_444' title='bbox 347 3583 400 3630; x_wconf 86' lang='lat' dir='ltr'><strong>veri</strong></span> <span class='ocrx_word' id='word_1_445' title='bbox 412 3582 465 3629; x_wconf 90' lang='lat' dir='ltr'><strong>dies</strong></span> <span class='ocrx_word' id='word_1_446' title='bbox 473 3582 542 3642; x_wconf 86' lang='lat' dir='ltr'><strong>pleni</strong></span> <span class='ocrx_word' id='word_1_447' title='bbox 551 3582 652 3629; x_wconf 85' lang='lat' dir='ltr'><strong>laminis</strong></span> <span class='ocrx_word' id='word_1_448' title='bbox 679 3590 719 3630; x_wconf 92' lang='lat' dir='ltr'><strong>tua</strong></span> <span class='ocrx_word' id='word_1_449' title='bbox 730 3586 843 3644; x_wconf 83' lang='lat' dir='ltr'><strong>praesidia</strong></span> <span class='ocrx_word' id='word_1_450' title='bbox 853 3587 943 3644; x_wconf 82' lang='lat' dir='ltr'><strong>majora</strong></span> <span class='ocrx_word' id='word_1_451' title='bbox 955 3586 1087 3633; x_wconf 87' lang='lat' dir='ltr'><strong>desiderat.</strong></span> <span class='ocrx_word' id='word_1_452' title='bbox 1100 3589 1205 3647; x_wconf 75' lang='lat' dir='ltr'><strong>Cognos-</strong></span> 
     </span>
     <span class='ocr_line' id='line_1_48' title="bbox 119 3650 1205 3714; baseline 0.005 -16"><span class='ocrx_word' id='word_1_453' title='bbox 119 3657 145 3699; x_wconf 89' lang='lat' dir='ltr'><strong>et</strong></span> <span class='ocrx_word' id='word_1_454' title='bbox 157 3650 653 3712; x_wconf 70' lang='lat' dir='ltr'><strong>illigerisaeterni‚quinonperiunetorio</strong></span> <span class='ocrx_word' id='word_1_455' title='bbox 678 3654 734 3698; x_wconf 73' lang='lat' dir='ltr'><strong>caint</strong></span> <span class='ocrx_word' id='word_1_456' title='bbox 749 3663 834 3700; x_wconf 91' lang='lat' dir='ltr'><strong>omnes</strong></span> <span class='ocrx_word' id='word_1_457' title='bbox 847 3655 932 3712; x_wconf 89' lang='lat' dir='ltr'><strong>quales</strong></span> <span class='ocrx_word' id='word_1_458' title='bbox 951 3666 995 3713; x_wconf 79' lang='lat' dir='ltr'><strong>ego</strong></span> <span class='ocrx_word' id='word_1_459' title='bbox 1014 3659 1205 3714; x_wconf 72' lang='lat' dir='ltr'><strong>propugnatores</strong></span> 
     </span>
     <span class='ocr_line' id='line_1_49' title="bbox 119 3718 1206 3782; baseline 0.005 -16"><span class='ocrx_word' id='word_1_460' title='bbox 119 3732 232 3767; x_wconf 88' lang='lat' dir='ltr'><strong>sermone</strong></span> <span class='ocrx_word' id='word_1_461' title='bbox 244 3722 346 3767; x_wconf 84' lang='lat' dir='ltr'><strong>verbum</strong></span> <span class='ocrx_word' id='word_1_462' title='bbox 359 3721 417 3778; x_wconf 85' lang='lat' dir='ltr'><strong>Dei,</strong></span> <span class='ocrx_word' id='word_1_463' title='bbox 429 3719 472 3767; x_wconf 91' lang='lat' dir='ltr'><strong>sed</strong></span> <span class='ocrx_word' id='word_1_464' title='bbox 480 3719 569 3766; x_wconf 87' lang='lat' dir='ltr'><strong>intimo</strong></span> <span class='ocrx_word' id='word_1_465' title='bbox 578 3718 652 3765; x_wconf 87' lang='lat' dir='ltr'><strong>corde</strong></span> <span class='ocrx_word' id='word_1_466' title='bbox 678 3720 813 3780; x_wconf 85' lang='lat' dir='ltr'><strong>requiram,</strong></span> <span class='ocrx_word' id='word_1_467' title='bbox 823 3721 866 3781; x_wconf 80' lang='lat' dir='ltr'><strong>qui</strong></span> <span class='ocrx_word' id='word_1_468' title='bbox 879 3734 1031 3781; x_wconf 77' lang='lat' dir='ltr'><strong>propugnare</strong></span> <span class='ocrx_word' id='word_1_469' title='bbox 1041 3722 1147 3782; x_wconf 86' lang='lat' dir='ltr'><strong>possint,</strong></span> <span class='ocrx_word' id='word_1_470' title='bbox 1159 3723 1206 3771; x_wconf 87' lang='lat' dir='ltr'><strong>iln-</strong></span> 
     </span>
     <span class='ocr_line' id='line_1_50' title="bbox 120 3787 1204 3852; baseline 0.005 -18"><span class='ocrx_word' id='word_1_471' title='bbox 120 3791 263 3835; x_wconf 79' lang='lat' dir='ltr'><strong>eructarunt</strong></span> <span class='ocrx_word' id='word_1_472' title='bbox 282 3788 308 3834; x_wconf 93' lang='lat' dir='ltr'><strong>in</strong></span> <span class='ocrx_word' id='word_1_473' title='bbox 327 3787 481 3835; x_wconf 86' lang='lat' dir='ltr'><strong>contessions</strong></span> <span class='ocrx_word' id='word_1_474' title='bbox 496 3787 653 3846; x_wconf 85' lang='lat' dir='ltr'><strong>constantes,</strong></span> <span class='ocrx_word' id='word_1_475' title='bbox 679 3801 787 3848; x_wconf 71' lang='lat' dir='ltr'><strong>pugnare</strong></span> <span class='ocrx_word' id='word_1_476' title='bbox 798 3803 848 3837; x_wconf 93' lang='lat' dir='ltr'><strong>non</strong></span> <span class='ocrx_word' id='word_1_477' title='bbox 857 3791 958 3838; x_wconf 84' lang='lat' dir='ltr'><strong>soleant.</strong></span> <span class='ocrx_word' id='word_1_478' title='bbox 971 3793 1019 3839; x_wconf 91' lang='lat' dir='ltr'><strong>tlos</strong></span> <span class='ocrx_word' id='word_1_479' title='bbox 1029 3805 1074 3852; x_wconf 79' lang='lat' dir='ltr'><strong>epo</strong></span> <span class='ocrx_word' id='word_1_480' title='bbox 1084 3792 1204 3850; x_wconf 85' lang='lat' dir='ltr'><strong>adquisivi</strong></span> 
     </span>
     <span class='ocr_line' id='line_1_51' title="bbox 92 3858 1205 3919; baseline 0.002 -17"><span class='ocrx_word' id='word_1_481' title='bbox 92 3890 94 3894; x_wconf 18' lang='grc' dir='ltr'><em>Α</em></span> <span class='ocrx_word' id='word_1_482' title='bbox 120 3858 145 3902; x_wconf 88' lang='lat' dir='ltr'><strong>iu</strong></span> <span class='ocrx_word' id='word_1_483' title='bbox 156 3858 270 3917; x_wconf 88' lang='lat' dir='ltr'><strong>martyrio</strong></span> <span class='ocrx_word' id='word_1_484' title='bbox 280 3859 476 3916; x_wconf 82' lang='lat' dir='ltr'><strong>perseverantes.</strong></span> <span class='ocrx_word' id='word_1_485' title='bbox 681 3859 724 3904; x_wconf 84' lang='lat' dir='ltr'>tibi</span> <span class='ocrx_word' id='word_1_486' title='bbox 733 3859 818 3917; x_wconf 88' lang='lat' dir='ltr'><strong>,plebs</strong></span> <span class='ocrx_word' id='word_1_487' title='bbox 826 3859 1071 3919; x_wconf 87' lang='lat' dir='ltr'><strong>sancta,qaiprosint</strong></span> <span class='ocrx_word' id='word_1_488' title='bbox 1079 3861 1205 3916; x_wconf 73' lang='lat' dir='ltr'><strong>olllllitltlas,</strong></span> 
     </span>
     <span class='ocr_line' id='line_1_52' title="bbox 152 3926 1207 4006; baseline 0.005 -35"><span class='ocrx_word' id='word_1_489' title='bbox 152 3927 176 3971; x_wconf 89' lang='lat'><strong>7.</strong></span> <span class='ocrx_word' id='word_1_490' title='bbox 188 3944 200 3967; x_wconf 79' lang='lat' dir='ltr'><strong>o</strong></span> <span class='ocrx_word' id='word_1_491' title='bbox 209 3927 276 3974; x_wconf 80' lang='lat' dir='ltr'><strong>nlius</strong></span> <span class='ocrx_word' id='word_1_492' title='bbox 292 3928 399 3988; x_wconf 89' lang='lat' dir='ltr'><strong>psalmus</strong></span> <span class='ocrx_word' id='word_1_493' title='bbox 413 3929 493 3976; x_wconf 82' lang='lat' dir='ltr'><strong>lectas</strong></span> <span class='ocrx_word' id='word_1_494' title='bbox 503 3926 563 3973; x_wconf 91' lang='lat' dir='ltr'><strong>dicit</strong></span> <span class='ocrx_word' id='word_1_495' title='bbox 576 3940 583 3971; x_wconf 79' lang='lat' dir='ltr'><strong>a</strong></span> <span class='ocrx_word' id='word_1_496' title='bbox 597 3929 653 3987; x_wconf 78' lang='lat' dir='ltr'><strong>stis</strong></span> <span class='ocrx_word' id='word_1_497' title='bbox 680 3936 1207 4006; x_wconf 64' lang='lat' dir='ltr'><em>m</em></span> 
     </span>
     <span class='ocr_line' id='line_1_53' title="bbox 122 3997 1205 4075; baseline 0.018 -34"><span class='ocrx_word' id='word_1_498' title='bbox 122 3997 182 4071; x_wconf 74' lang='lat' dir='ltr'><strong>secut</strong></span> <span class='ocrx_word' id='word_1_499' title='bbox 197 3997 309 4042; x_wconf 67' lang='lat' dir='ltr'><strong>moninus</strong></span> <span class='ocrx_word' id='word_1_500' title='bbox 323 3999 487 4075; x_wconf 55' lang='lat' dir='ltr'><strong>demonstr,</strong></span> <span class='ocrx_word' id='word_1_501' title='bbox 500 3997 541 4075; x_wconf 66' lang='lat' dir='ltr'><strong>qut</strong></span> <span class='ocrx_word' id='word_1_502' title='bbox 556 3998 581 4042; x_wconf 84' lang='lat' dir='ltr'><strong>in</strong></span> <span class='ocrx_word' id='word_1_503' title='bbox 602 3997 655 4074; x_wconf 80' lang='lat' dir='ltr'><strong>ollis</strong></span> <span class='ocrx_word' id='word_1_504' title='bbox 679 4024 757 4072; x_wconf 75' lang='lat' dir='ltr'><strong>alioqui</strong></span> <span class='ocrx_word' id='word_1_505' title='bbox 775 4029 821 4060; x_wconf 68' lang='lat' dir='ltr'><strong>snio</strong></span> <span class='ocrx_word' id='word_1_506' title='bbox 839 4025 902 4060; x_wconf 72' lang='lat' dir='ltr'><strong>eitam</strong></span> <span class='ocrx_word' id='word_1_507' title='bbox 919 4023 989 4062; x_wconf 74' lang='lat' dir='ltr'><strong>oraria</strong></span> <span class='ocrx_word' id='word_1_508' title='bbox 1006 4024 1027 4060; x_wconf 78' lang='lat' dir='ltr'><strong>in</strong></span> <span class='ocrx_word' id='word_1_509' title='bbox 1042 4020 1205 4063; x_wconf 74' lang='lat' dir='ltr'><strong>sacerdotalibus</strong></span> 
     </span>
     <span class='ocr_line' id='line_1_54' title="bbox 124 4060 815 4123; baseline 0.007 -16"><span class='ocrx_word' id='word_1_510' title='bbox 124 4060 231 4118; x_wconf 71' lang='lat' dir='ltr'><strong>lsobttot,</strong></span> <span class='ocrx_word' id='word_1_511' title='bbox 242 4064 263 4109; x_wconf 84' lang='lat' dir='ltr'><strong>et</strong></span> <span class='ocrx_word' id='word_1_512' title='bbox 279 4061 377 4110; x_wconf 80' lang='lat' dir='ltr'><strong>humatio</strong></span> <span class='ocrx_word' id='word_1_513' title='bbox 390 4065 481 4123; x_wconf 77' lang='lat' dir='ltr'><strong>respicit</strong></span> <span class='ocrx_word' id='word_1_514' title='bbox 496 4076 520 4110; x_wconf 85' lang='lat' dir='ltr'><strong>sss</strong></span> <span class='ocrx_word' id='word_1_515' title='bbox 532 4063 587 4110; x_wconf 85' lang='lat' dir='ltr'><strong>coeio</strong></span> <span class='ocrx_word' id='word_1_516' title='bbox 599 4065 621 4109; x_wconf 87' lang='lat' dir='ltr'><strong>ct</strong></span> <span class='ocrx_word' id='word_1_517' title='bbox 632 4077 654 4109; x_wconf 85' lang='lat' dir='ltr'><strong>m</strong></span> <span class='ocrx_word' id='word_1_518' title='bbox 680 4076 815 4112; x_wconf 66' lang='lat' dir='ltr'><strong>sentimenta.</strong></span> 
     </span>
    </p>
   </div>
   <div class='ocr_carea' id='block_1_5' title="bbox 0 0 1332 4784">
    <p class='ocr_par' dir='ltr' id='par_1_6' title="bbox 0 0 1332 4784">
     <span class='ocr_line' id='line_1_55' title="bbox 0 0 1332 4784; baseline 0 0"><span class='ocrx_word' id='word_1_519' title='bbox 0 0 1332 4784; x_wconf 95' lang='lat' dir='ltr'><strong> </strong></span> 
     </span>
    </p>
   </div>
  </div>
 </body>
</html>
