2632 4784
118 313 163 362 ΞΜ
499 314 622 359 SANCTI
637 312 803 362 nunnoni!

119 396 251 457 solverim
271 399 353 445 tamen
371 394 465 456 aliquid
485 395 582 457 plenius
606 407 647 444 re·
701 394 726 444 5.
737 397 784 457 Qui
795 397 844 447 tale
854 396 1108 465 babebatjpdielum,
1121 397 1207 447 rides.

118 465 227 526 quirenti
243 466 305 525 tibi,
316 467 345 514 ut
358 465 409 513 ilio
420 465 506 514 afferre
518 467 591 527 atque
604 478 647 514 ex·
670 475 725 514 mus
750 466 809 527 quid
829 466 882 528 ipse
904 466 978 525 iuxta
997 469 1204 528 gazophylatium

116 534 231 593 sculpere
242 545 291 583 non
302 533 491 594 supersederim.
670 533 764 592 positus
780 533 942 594 mnierebat3
963 547 1013 583 non
1038 535 1109 584 enlm
1130 535 1204 581 otiosa

148 601 648 664 aarsemperquloemueeanlataquaea-
671 599 770 648 viduam
789 602 900 663 pretulit
917 603 966 651 duo
984 615 1035 651 aera
1054 603 1203 650 mittentem.

117 669 171 731 tio,
182 672 208 719 et
219 670 324 719 celebris
342 671 462 718 absolutio
473 670 520 718 luit
535 672 648 720 mulieris
669 669 777 718 Pretiosa
786 672 1078 734 istapaupertasestfidei
1090 672 1204 732 opulenta

117 737 185 799 eius,
195 752 251 799 quaa
266 741 293 789 ln
304 740 367 788 libro
384 740 523 800 Evangelii,
534 739 600 800 quod
610 754 649 788 se·
671 740 796 798 mysterio.
808 742 856 788 lsta
866 743 924 789 sunt
934 741 982 790 duo
994 754 1042 789 aera
1054 754 1114 801 quae
1125 739 1204 786 Sama·

118 808 226 857 eundum
238 808 374 858 Iohannem
384 809 514 868 scribitur,
532 809 647 873 adulterii
669 805 763 854 ritanus
773 804 815 856 iile
824 810 981 871 evangelicus
988 809 1020 857 ad
1032 810 1090 870 eius
1098 806 1203 857 curanda

118 887 160 925 rea
171 877 252 927 oblata
264 878 301 927 est
316 878 420 926 cbristo.
438 878 465 924 ld
473 877 541 926 enim
551 878 648 927 Judaeo-
669 874 785 937 vulnera,
796 878 838 937 qui
849 877 938 926 incidit
949 879 975 925 in
988 879 1115 936 latrones,
1126 877 1204 924 stabu-

117 950 172 992 rmn
184 946 347 994 commentata
367 946 404 993 est
419 945 607 1007 tergiversatio}
619 948 647 994 ut
670 941 730 990 lario
756 944 900 1007 dereliquit.
920 947 981 1007 Ergo
1000 947 1027 994 et
1049 947 1101 994 ista
1122 942 1202 1004 speeie

116 1013 232 1062 sleontra
253 1015 343 1074 nepem
361 1014 546 1074 absolveretur,
562 1016 647 1063 eontra
668 1011 793 1073 vidua,in
805 1015 864 1075 typo
875 1016 1008 1077 Ecclesia,
1020 1015 1202 1077 boegazopby·

116 1082 206 1142 legem
226 1083 320 1143 prolata
337 1081 435 1129 nomini
449 1081 507 1130 lesu
524 1083 647 1132 sententia
670 1081 731 1130 tucio
747 1094 817 1131 sacro
829 1082 1011 1133 'eonferendum
1029 1085 1145 1145 putarit,
1155 1095 1201 1144 quo

116 1150 259 1199 teneretur:
273 1151 294 1201 sl
311 1153 394 1199 autem
410 1151 522 1199 damnata
541 1153 606 1200 esset
614 1164 646 1200 ea
670 1152 805 1208 pauperum
825 1152 971 1200 sanarentur
988 1153 1113 1212 volnera,
1131 1163 1203 1210 pere·

117 1219 195 1281 bete,
207 1233 294 1270 raearo
314 1221 404 1269 christi
415 1219 542 1268 videretur
559 1221 645 1281 gratia.
669 1215 793 1277 grinorum
802 1218 897 1278 ieiunia
908 1220 1065 1268 sedarentur.

145 1289 170 1337 ὅ.
181 1288 229 1336 Sed
235 1288 407 1338 veliementior
418 1287 481 1336 iacta
491 1291 541 1348 est,
549 1291 646 1349 postea·
700 1284 723 1334 6.
734 1287 804 1335 Unde
819 1288 846 1336 et
862 1300 928 1336 nune
938 1288 1000 1350 quid
1016 1288 1131 1336 Christus
1146 1297 1203 1334 ean·

114 1369 189 1418 quam
201 1357 310 1420 episcopi
321 1369 376 1405 reos
388 1356 520 1404 eriminum
530 1356 644 1417 maissi-
669 1353 744 1414 ierat,
753 1355 900 1416 spiritaliter
906 1357 931 1405 te
940 1358 1041 1417 oportet
1050 1355 1204 1417 expendere3

115 1437 212 1472 morum
227 1426 254 1473 in
269 1425 376 1486 publicis
392 1423 493 1483 judiciis
513 1437 645 1487 accusare,
669 1422 795 1471 dividebat
811 1425 877 1472 euim
888 1426 988 1486 populis
1000 1426 1133 1486 mentum
1149 1424 1201 1482 igne

115 1493 158 1541 alii
167 1495 192 1541 et
202 1506 290 1555 urgere
299 1506 376 1554 usque
386 1492 417 1540 ad
427 1492 645 1554 gladiummupre-
669 1486 838 1540 examinatum
850 1493 1004 1555 eloquiorum
1012 1492 1202 1552 caelestium,et

115 1572 230 1622 mamque
261 1563 381 1619 mortem,
403 1559 449 1608 alit
476 1562 644 1610 accusationes
670 1560 783 1620 imaginis
800 1561 874 1622 reaia
898 1561 1033 1622 manniam
1057 1562 1200 1623 populorum

114 1628 271 1689 huiusmodi,
292 1629 319 1677 et
345 1629 460 1677 eruentus
490 1629 645 1677 sacerdotum
668 1629 844 1678 annumerabat
852 1629 988 1678 aiieetibus.
999 1631 1080 1677 Neruo
1090 1631 1148 1690 plus
1159 1629 1202 1675 mi·

115 1696 644 1759 triurnpllosprobarecmperuut.Quidenim
669 1695 715 1757 sit,
726 1710 798 1758 quam
817 1700 860 1759 qui
879 1699 958 1746 totum
970 1698 1083 1746 donarit.
1095 1697 1200 1749 Satiabsl

115 1769 183 1816 aliud
193 1768 236 1816 isti
248 1767 346 1825 dieunt,
355 1778 429 1828 quam
440 1765 556 1816 dicebaut
565 1767 644 1816 ludat
669 1764 819 1825 esurientes,
834 1766 947 1826 replebat
963 1767 1067 1827 inopen,
1077 1765 1201 1815 illumina-

115 1849 171 1887 reos
179 1835 412 1897 eriminumleplbus
420 1847 473 1884 esse
484 1835 592 1897 publicis
600 1848 645 1896 pu·
669 1834 710 1882 bat
721 1847 811 1896 cacos,
821 1836 958 1885 redimebat
968 1837 1098 1898 captivos,
1106 1839 1201 1899 paraly-

116 1906 218 1954 nieudos
228 1919 236 1966 ς
248 1906 274 1954 et
292 1904 349 1953 ideo
369 1904 478 1952 accusari
495 1916 536 1951 eos
547 1904 644 1953 etiams
670 1903 731 1950 ticos
741 1904 863 1965 erigebat,
873 1906 981 1969 mortuos
989 1905 1170 1966 resuscitabat,
1178 1906 1201 1955 el

115 1974 282 2024 sacerdotibus
297 1972 323 2020 in
340 1971 447 2035 publicis
462 1971 563 2030 iudiciis
573 1985 645 2034 opor·
668 1972 734 2031 quod
750 1973 789 2020 est
806 1973 926 2035 amplius,
943 1974 1090 2022 conterebat
1107 1973 1201 2021 absolu·

116 2043 208 2103 luisse,
220 2055 281 2104 quos
292 2041 409 2090 adserunt
426 2041 560 2091 seeundum
578 2043 645 2103 leges
668 2040 750 2088 tiones
767 2055 880 2103 reorum,
897 2045 999 2104 peccata
1017 2042 1136 2091 donabat
1148 2044 1200 2092 iles

115 2113 251 2175 oportuisse
272 2109 372 2172 puniri!
391 2109 481 2157 Eadem
502 2122 573 2158 causa
591 2112 643 2172 est,
668 2109 725 2155 sunt
736 2107 783 2156 dno
791 2122 853 2168 ara,
864 2123 918 2170 qua
929 2108 999 2158 mlsit
1009 2110 1138 2169 Ecclesia,
1149 2124 1200 2172 pos·

115 2180 159 2229 sed
166 2180 384 2238 numerusminor,
394 2179 441 2226 boe
448 2179 554 2240 est,non
562 2180 645 2240 dispar
668 2177 787 2237 teaquam,
798 2179 918 2240 acceptia
934 2180 1041 2227 Christo.
1057 2180 1125 2238 Quid
1138 2182 1201 2228 enim

113 2249 200 2310 iudicii
212 2249 332 2311 quaestio,
344 2248 387 2297 sed
397 2262 476 2311 poenae
488 2248 570 2310 dispar
580 2250 644 2312 invi·
668 2247 725 2293 susat
735 2247 783 2296 duo
795 2260 855 2308 era,
865 2247 913 2296 nisi
925 2248 1033 2308 pretium
1044 2249 1107 2296 novi
1119 2251 1145 2297 et
1160 2262 1200 2298 re-

115 2319 165 2367 dia.
177 2317 371 2367 Unameristns
384 2318 467 2379 puniri
476 2330 508 2365 ex
521 2319 584 2377 Lege
595 2331 643 2366 non
668 2314 727 2362 teris
751 2317 921 2366 Testamenti!
937 2317 1049 2365 Pretium
1069 2317 1198 2379 Scriptura

116 2398 200 2447 passos
209 2388 262 2446 est,
273 2385 313 2435 isti
324 2387 445 2434 minorem
455 2396 588 2433 numerum
599 2385 643 2434 ad·
667 2383 728 2431 fides
738 2387 820 2433 nostra
830 2388 882 2446 est-3
894 2399 950 2434 nam
961 2385 1028 2448 quod
1038 2387 1147 2448 legitur,
1158 2400 1198 2447 pro

116 2457 201 2505 serunt
211 2468 264 2504 esse
274 2456 398 2516 punitum.
668 2453 828 2514 intelligentis
839 2456 973 2503 estimatur
981 2456 1098 2503 arbitrio.
1109 2457 1199 2504 llemis-

145 2523 208 2573 Mt
219 2537 268 2587 quo
284 2525 332 2574 loci
350 2524 396 2572 boe
410 2522 506 2582 iudicat
519 2521 643 2572 Cbrlsiusi
667 2521 1199 2587 sioigiturpecealorunrutriusquepretium

114 2594 323 2655 Namplerumque
331 2592 643 2652 secundumqualitaieslo·
666 2592 814 2639 Testamenti
826 2595 876 2652 est,
885 2606 993 2654 quaeper
1001 2607 1096 2654 agnum
1108 2596 1133 2642 in
1145 2599 1200 2655 typo

114 2676 198 2711 sorum
208 2665 235 2711 in
248 2663 337 2724 quibus
345 2662 448 2709 docebat
459 2661 562 2709 famulos
571 2674 628 2709 suos
634 2695 642 2720 ‚
667 2661 810 2710 annuntiata
830 2663 880 2722 est,
900 2663 926 2709 in
949 2663 1059 2717 veritate
1079 2665 1198 2725 completa

114 2731 291 2793 disputationes
299 2744 355 2779 suas
363 2729 586 2793 formaredignatus
596 2733 642 2790 est3
666 2742 711 2788 per
727 2730 859 2780 Christum.

115 2799 143 2847 ut
160 2801 185 2846 in
202 2801 299 2860 porticu
316 2799 465 2855 Salomonis,
482 2798 527 2844 boe
543 2800 594 2858 est,
607 2811 642 2844 sa·
697 2799 720 2844 ⁷.
732 2798 790 2846 ideo
805 2800 883 2848 babes
897 2812 978 2860 neque
989 2801 1089 2862 septem
1101 2800 1195 2850 dierum

113 2866 217 2926 pientia,
233 2866 391 2912 deambulans
406 2864 551 2923 loquebatur
567 2878 573 2911 :
592 2868 642 2924 Epo
653 2908 655 2919 ,
666 2867 835 2927 purgationem
853 2869 907 2917 sine
926 2870 1001 2917 trium
1022 2870 1124 2918 dierum
1147 2883 1196 2918 esse

113 2937 135 2981 et
146 2937 218 2982 Pater
227 2947 300 2980 anam
308 2944 388 2980 samara
395 2948 403 2992 ς
414 2934 442 2978 nt
456 2932 481 2977 iu
493 2933 586 2992 templo
597 2933 641 2980 Dei
652 2924 655 2954 ¹
665 2938 817 2996 purgatione.
837 2938 936 2998 Septem
960 2938 1062 2986 dierum
1088 2941 1197 3000 purgatio

113 3001 229 3048 dicebat:
242 3003 294 3047 ntea
310 3001 415 3047 doctrina
431 3012 479 3045 aon
489 3002 595 3058 crimea,
604 3002 654 3048 seat·
665 3006 800 3052 secundum
811 3007 915 3066 Legem,
925 3021 980 3066 quaa
997 3008 1024 3054 in
1036 3010 1122 3069 specie
1139 3022 1198 3069 pra·-

113 3070 161 3129 ejas
171 3071 212 3130 pai
220 3071 335 3117 memini.
348 3069 400 3115 lioe
410 3080 506 3128 quoque
521 3069 642 3127 iudicium
652 3050 655 3093 Ι
665 3074 841 3122 sentissabbati
850 3077 1097 3137 spiritalesabbalunr
1106 3091 1198 3125 annuo·

113 3141 139 3186 in
150 3140 243 3199 templo
254 3139 347 3199 positus
358 3137 473 3194 exercet,
488 3137 552 3186 sieut
565 3140 643 3200 scrip-
667 3141 748 3188 liavit:
758 3143 832 3189 trium
838 3145 934 3190 dierum
943 3144 1058 3203 purgatio
1064 3146 1197 3192 seeundum

113 3211 165 3257 tum
173 3206 653 3280 estinposterioribus3sicenimhabes:¹
664 3211 780 3270 gratiam,
803 3226 858 3272 quae
877 3215 1002 3273 Evangelii
1022 3214 1197 3263 testificatione

112 3281 166 3326 lime
176 3280 247 3327 verba
258 3280 478 3339 loquatmesllesus
489 3280 514 3326 in
525 3280 641 3339 peroptas-
651 3288 654 3305 ¹
664 3277 785 3337 signatum
797 3282 854 3339 quia
873 3282 946 3328 terlio
964 3282 1005 3329 die
1024 3282 1148 3331 Dourirnm
1162 3298 1197 3331 re·

112 3346 185 3404 tucio,
196 3348 277 3394 docens
288 3350 312 3392 in
328 3349 423 3406 teraplo,·
439 3349 460 3393 el
480 3359 547 3392 nemo
558 3362 640 3406 oppre-
664 3350 833 3396 surrentum
844 3361 924 3397 amna
933 3351 1115 3410 prescribitur,
1126 3355 1198 3402 debet

112 3412 189 3460 bennit
208 3427 269 3460 eaor.
287 3413 351 3470 Quid
370 3416 407 3459 est
424 3413 640 3472 gazophylacium?
664 3430 716 3465 osse
733 3418 877 3478 poenitentia
894 3422 1053 3479 peccatorum
1073 3423 1140 3467 :ubi
1160 3436 1198 3469 re·

111 3482 211 3529 Collatia
235 3482 359 3541 ilalelium,
381 3484 474 3529 sumtus
489 3495 637 3542 pauperum,
664 3486 747 3533 missio
766 3486 882 3546 donatur,
901 3490 980 3546 gralia
1004 3489 1053 3535 est.
1078 3489 1197 3536 Procedit

112 3551 209 3610 requies
220 3562 365 3610 egenorum,
382 3551 453 3610 iuxta
474 3552 538 3612 quod
551 3552 638 3601 sedens
664 3554 1197 3617 poenitentia,sequlturgratia.1't'equeprn-

111 3618 233 3678 Cbrlstus,
245 3620 272 3665 ut
290 3619 366 3667 babes
383 3621 517 3668 seeundum
534 3622 638 3680 buram,
663 3623 767 3671 nitentia
785 3635 842 3681 ergo
853 3623 907 3671 sine
919 3624 1011 3684 gratia,
1024 3637 1109 3685 neque
1121 3625 1196 3683 gratia

110 3687 158 3734 duo
169 3700 217 3735 sera
227 3688 337 3736 mulieris
347 3691 428 3738 viduae
439 3690 543 3736 divitum
552 3702 638 3737 mune-
663 3692 717 3739 sine
728 3692 888 3752 poenitentia3
900 3692 976 3741 debet
986 3693 1056 3740 euim
1074 3696 1196 3753 poeniten·

111 3756 179 3803 ribus
190 3759 284 3806 censuit
295 3758 460 3818 praeterendo,
472 3758 556 3809 divino
567 3759 638 3806 vide·
664 3760 698 3806 tia
714 3760 782 3819 prius
792 3759 910 3806 damnare
924 3762 1069 3821 peecatum,
1080 3763 1109 3809 ut
1121 3763 1197 3823 gralia

110 3828 169 3875 licet
180 3828 319 3875 testimonio
336 3829 468 3889 praeierens
478 3828 565 3888 oplmae
578 3841 639 3889 prae·
663 3828 740 3888 possit
757 3828 864 3876 abolere.
877 3827 935 3876 ideo
946 3830 1035 3890 typum
1047 3831 1122 3892 begis
1132 3832 1197 3878 asei-

112 3896 167 3941 rniis
184 3897 300 3955 insultatis
310 3929 317 3956 ‚
328 3897 417 3944 sertula·
434 3896 588 3945 liberalitatis
602 3897 638 3945 ai·
663 3897 734 3956 plens
750 3897 873 3945 lohannes
884 3898 1019 3958 baptisavit
1037 3899 1064 3949 ln
1075 3902 1198 3962 poeniten·

112 3964 211 4011 ioelum.
664 3965 1021 4028 tiam,clrrislusadgrattam.
