2632 4784
116 407 162 454 278
506 410 625 454 SANCTI
640 409 798 453 tunlensi!

115 490 274 537 rumctmtsto
289 489 385 547 dicato,
402 489 526 549 primitias
543 488 642 537 actuum
666 488 744 547 gratia
773 488 934 537 refulserunt.
952 486 1025 537 Diacc
1046 487 1073 535 tn
1094 486 1171 535 bbtoria

116 559 211 604 tuorum
223 557 316 605 Christo
333 556 441 604 immola.
463 557 556 605 Audisti
568 558 642 604 insu-
666 557 1018 617 qualesll'azaraeuscincinnos
1026 556 1172 617 babeamus

115 624 254 685 perioribus
274 625 332 686 qnia
353 626 450 674 vocarit
471 627 511 685 te,
529 624 613 673 dicens
634 637 641 670 a
666 626 775 687 quandiu
785 625 886 675 Samson
900 627 988 675 naluit
997 628 1171 684 intactoa,nnn·
1232 632 1234 657 l

116 694 178 740 Veni
187 709 203 742 o
214 693 303 741 liberm
310 727 319 751 ‚
330 695 434 755 Sponsa,
446 696 499 743 ocni
510 709 526 742 a
535 694 641 754 bidon03
665 707 738 755 quana
747 695 811 743 vinci
819 695 910 756 potuit.
925 695 1057 743 claumos
1068 694 1172 755 perdidit,

115 761 226 811 transibis
236 765 258 810 ct
264 764 417 823 pertransibis
424 779 440 811 o
449 764 562 825 principio
571 763 641 821 fidet:
666 766 692 811 et
702 766 818 812 moritum
838 764 939 813 virtutis
950 764 1041 813 amisit.

115 829 230 879 transibis
247 830 274 878 in
289 831 404 879 omentum
425 832 561 891 certatura,
582 843 642 891 per·
700 833 739 880 72.
752 833 841 882 Audita
853 833 929 893 igitur
944 846 1005 882 roco
1020 831 1110 892 Verbi,
1120 840 1177 893 omn

114 896 230 947 transibis
240 898 272 946 ad
285 899 406 947 Christum
422 899 601 961 triumphatura
610 898 641 946 de
666 902 1179 963 exuerastunicamnoctcmequaerasqncu·

114 967 212 1015 seculo.
234 968 328 1017 Audisti
349 970 408 1029 qnia
424 970 448 1016 to
465 982 479 1017 a
497 969 596 1017 leonum
617 968 642 1015 et
665 967 794 1016 admodum
807 967 1182 1027 induaseamgotlenditnreain,

114 1037 260 1097 pardorum,
271 1037 297 1085 id
308 1040 385 1099 est,a
397 1037 544 1099 spiritalium
552 1036 641 1096 nequi·
665 1037 691 1084 et
714 1036 859 1098 {requenter
879 1038 982 1085 ollortur
998 1049 1044 1097 per
1061 1036 1183 1097 nequitiam

113 1104 205 1154 tiamm
217 1107 394 1156 incursionibus
404 1105 640 1168 separariteaudistl
665 1105 810 1164 spiritalem.
829 1106 1058 1166 Quemadmodum,
1082 1105 1184 1165 inquan,

113 1172 173 1232 qnia
183 1176 264 1234 placet
275 1177 298 1224 ci
309 1178 405 1224 tuarum
415 1175 553 1237 pulcritudo
563 1176 641 1224 virtu·
665 1174 751 1222 induas
766 1188 835 1236 carn,
850 1175 1019 1233 obliviscaris,
1035 1176 1063 1223 el
1074 1174 1163 1222 nescias
1176 1185 1185 1220 a

113 1242 168 1288 turn
178 1256 185 1290 ε
196 1242 285 1291 audisti
295 1245 355 1305 quia
369 1246 570 1293 vestimentorum
584 1244 641 1291 tuo·
664 1243 767 1301 etquasi
783 1245 835 1303 jam
845 1244 966 1291 Dominus
981 1242 1100 1301 adsistat,
1112 1254 1188 1291 cason

114 1322 169 1357 rnrn
180 1313 356 1370 aromata‚lmc
369 1315 419 1371 est,
438 1313 529 1360 bonum
540 1311 640 1359 odorem
665 1310 827 1370 corporalium
844 1311 1001 1359 vinculorum
1019 1312 1116 1359 turbata
1136 1323 1188 1359 oon·

114 1377 264 1439 integritatis
274 1382 388 1428 scurribus
394 1381 509 1429 odoribus
516 1381 639 1441 pretulit:
664 1390 748 1438 surgas
759 1392 766 1425 s
779 1379 902 1427 internam
913 1379 1065 1427 orationibus
1075 1390 1191 1439 praepares

114 1449 203 1497 andbti
224 1452 282 1512 qnia
299 1452 383 1499 bortus
395 1464 422 1499 es
432 1452 640 1509 conclusus,sua-
664 1449 773 1495 mentem
791 1448 954 1508 dumsnrgis3
970 1451 1043 1495 ulex
1061 1448 1191 1495 humilibus

114 1517 182 1565 vium
199 1520 373 1579 porniierarmn
393 1519 499 1568 retortus
509 1520 640 1567 fructibus.
664 1516 696 1563 ad
705 1529 811 1577 superna
822 1517 972 1577 contendas,
983 1517 1009 1564 et
1019 1515 1121 1564 studeas
1132 1515 1192 1563 tmcs

113 1584 172 1632 Pete
194 1587 268 1647 igitur
287 1590 315 1635 ut
335 1588 444 1648 adspiret
470 1588 516 1635 tibi
534 1588 641 1648 Spiritus
665 1584 701 1631 tui
718 1585 796 1634 cordis
815 1586 913 1646 aperire
931 1600 938 1633 τ
957 1586 1015 1634 dnm
1035 1598 1124 1632 manns
1142 1586 1192 1631 tuas

113 1656 223 1713 sanctus,
238 1656 346 1715 adspiret
361 1667 437 1717 snper
452 1657 533 1704 cubile
554 1658 639 1713 tunm,
665 1652 752 1700 tendes
766 1653 796 1701 ad
811 1655 947 1713 Cirristnm,
964 1652 1064 1700 fidelem
1075 1654 1118 1700 tua
1128 1654 1192 1712 gesta

113 1724 188 1782 atque
207 1725 305 1773 odorem
323 1727 371 1787 piae
391 1727 496 1784 mentis,
518 1725 543 1773 ci
557 1725 641 1785 gratim
664 1720 793 1780 spirabunt
803 1722 911 1770 odorem·

113 1791 639 1856 spiritalisaccumnlet.llesporrdebittibi:
685 1790 733 1835 ¹⁷3·
752 1790 860 1838 Admone
887 1790 964 1851 igitur
983 1804 1073 1841 manna
1095 1790 1195 1839 naribus

112 1862 276 1922 Egodormio,
287 1868 308 1913 et
319 1878 360 1912 cor
369 1878 447 1912 meum
458 1867 547 1923 vigilat.
665 1856 728 1917 tuis,
744 1859 769 1907 ei
786 1859 884 1907 odorem
895 1862 994 1907 actuum
1011 1863 1111 1908 tuorum
1125 1858 1194 1907 inde·

144 1931 183 1979 70-
196 1932 361 1981 Audisvocern
372 1933 526 1993 pulsantisad
531 1933 640 1992 januam,
660 1926 728 1975 dossa
739 1940 767 1975 ac
782 1929 897 1988 pervigili
911 1930 1036 1977 alacritato
1047 1929 1139 1977 mentio
1151 1940 1194 1976 cx·

114 1998 141 2047 et
162 1999 268 2049 dicentis
285 2014 293 2047 =
314 2004 386 2062 Apen·
404 2002 476 2059 mili,
493 2015 640 2050 aorormco:
666 1998 742 2055 plora.
754 1999 904 2047 llulcebitte
915 1998 1193 2057 odordextermtuae,cl

113 2081 191 2128 carpe,
200 2071 312 2129 proxim
322 2082 386 2128 meo,
395 2070 501 2116 colonitio
512 2084 578 2126 orreo,
590 2084 641 2128 pers
666 2066 821 2126 fragrantiam
832 2069 1018 2129 resurrectionis
1028 2070 1073 2117 tua
1086 2066 1194 2131 membra

114 2137 175 2195 secto
184 2152 237 2185 roeo
247 2153 257 2185 s
267 2139 369 2186 caritate
386 2138 641 2198 proxima,simplici-
665 2134 823 2195 redolebunt,
835 2137 966 2198 ,myrrham
983 2136 1054 2196 digiti
1070 2138 1108 2184 tni
1122 2134 1195 2183 oud*

113 2206 165 2252 tate
186 2206 312 2265 columba,
329 2206 421 2254 virtuto
444 2205 567 2266 perlecta3
586 2209 641 2267 poio
665 2204 740 2264 bunt,
752 2205 797 2253 boc
811 2207 862 2264 est,
881 2205 936 2253 tidei
949 2219 1013 2253 serm
1026 2204 1193 2265 gratiamspi-

113 2276 382 2335 copotmcomreptctum
391 2277 490 2322 estsere.
502 2273 641 2320 sicutenim
666 2273 746 2321 ritalia
771 2276 838 2333 gesta
858 2273 1006 2333 fragrabunt.
1029 2274 1101 2335 capis
1121 2285 1194 2335 ergo,

114 2355 156 2392 ros
170 2344 227 2392 coeli
244 2347 375 2393 nocturnas
384 2345 484 2392 amovet
498 2343 639 2404 siccitates,
665 2341 749 2401 virgo,
760 2354 793 2389 cx
803 2342 920 2391 interiore
937 2343 979 2390 tuo
990 2356 1094 2404 corpore
1107 2344 1194 2403 volup·

114 2411 641 2462 itarosltomininostrilesucbristinoctnr-
665 2411 756 2468 tatem,
765 2412 790 2457 et
799 2409 852 2470 ipsa
861 2411 906 2458 tibi
917 2411 1010 2469 dulcis,
1021 2412 1075 2472 ipsa
1084 2411 1130 2459 tibi
1138 2422 1196 2459 ana·

113 2482 469 2533 nioetsaeeutarlbustenebris
477 2484 642 2531 aetornasritae
665 2478 703 2527 vis
714 2492 753 2538 es,
765 2481 791 2527 et
808 2480 860 2540 ipsa
870 2480 916 2528 tibi
936 2478 1016 2541 (qnod
1034 2478 1196 2540 peccantibus

113 2552 216 2601 stillavit
226 2553 363 2601 bnnrorem.
382 2554 434 2601 lloc
446 2551 566 2612 estcaput
575 2551 641 2612 qnod
665 2560 729 2607 saepe
741 2546 874 2609 contingit)
886 2552 933 2596 ison
948 2549 1037 2609 incipis
1047 2550 1193 2610 displicere3

113 2621 175 2668 estu
192 2622 278 2670 mnndi
301 2622 405 2669 rtmciuit
423 2634 553 2680 aresccrc3
575 2621 640 2669 unde
665 2619 1031 2679 pinsenimtibiplaccbitnuda
1040 2620 1194 2680 simplicitas,

113 2689 149 2736 uit
160 2703 167 2736 ε
180 2693 240 2751 Quin
254 2693 275 2739 si
292 2693 316 2738 io
333 2691 428 2737 tritonida
444 2690 487 2737 ltoc
501 2690 605 2749 fuciunt,
616 2691 641 2735 in
665 2700 786 2747 corporeae
801 2687 892 2736 itandis
902 2690 978 2736 exuta
990 2688 1148 2747 tegminibus.

113 2759 179 2805 «crido
195 2760 250 2818 pnid
269 2757 371 2818 sacieris?
394 2758 444 2803 lloc
464 2758 541 2816 igitur
568 2759 641 2815 capnt
695 2755 733 2803 ll.
750 2757 833 2804 talem
857 2758 882 2804 to
904 2758 1014 2805 Christus
1032 2756 1194 2816 desiderarit,

113 2829 259 2888 coritanis,
270 2826 318 2874 sibi
329 2826 553 2875 abundatntneno
561 2824 641 2873 abun·
665 2824 738 2872 talem
751 2826 775 2871 te
790 2825 900 2872 Christus
911 2825 994 2885 elegit.
1004 2827 1094 2884 Aperta
1111 2825 1194 2884 itaqrm

113 2893 155 2943 dat
173 2897 246 2957 capnt
265 2895 369 2954 Christi3
391 2895 449 2954 quia
470 2895 546 2955 capnt
570 2897 640 2942 tnnrn
665 2893 800 2951 ingreditur
823 2895 897 2952 osti03
919 2906 1001 2954 neque
1022 2894 1091 2940 enirn
1114 2893 1195 2953 potest

112 2963 220 3011 Christus
242 2965 292 3022 est,
312 2963 355 3023 qul
374 2963 462 3023 plenus
480 2964 518 3010 est
528 2975 640 3023 semper,
665 2961 765 3021 tallere,
775 2963 816 3022 qui
827 2975 853 3009 su
864 2964 1030 3022 ingressurum
1041 2975 1095 3010 esse
1105 2961 1194 3023 promi·

112 3044 159 3079 nee
168 3032 355 3080 liberalitatibus
372 3032 517 3080 exhauritur
527 3032 591 3092 suis,
599 3034 642 3084 ant
664 3032 704 3080 sil.
718 3033 884 3093 complectere
896 3032 971 3092 igitur
981 3045 1057 3093 quern
1065 3032 1193 3093 quaesistis

113 3102 229 3149 diuturna
241 3101 324 3150 deficit
339 3102 460 3161 largitate.
472 3102 499 3147 ln
511 3101 556 3149 hoc
568 3103 642 3160 caput
664 3102 753 3149 accedo
772 3101 804 3148 ad
822 3102 919 3161 ipsurn,
940 3102 965 3148 et
984 3101 1166 3149 illuminaberis
1182 3113 1192 3145 s

112 3171 204 3219 terrum
214 3184 261 3218 non
272 3171 413 3231 adscendit,
424 3170 490 3231 qnod
500 3174 539 3219 est
549 3171 641 3219 instrn-
666 3172 721 3218 tenc
734 3170 819 3228 illum,
830 3182 887 3229 roga
897 3182 928 3216 ne
938 3169 987 3216 cito
997 3170 1085 3229 abeat,
1094 3170 1194 3219 alsecra

112 3240 223 3293 rnerrtmn
234 3239 308 3299 belii,
319 3240 417 3300 insigne
427 3239 564 3287 discordie.
664 3251 696 3286 ne
711 3239 824 3298 recedat3
837 3239 944 3286 l'crbnnr
961 3239 1028 3284 enim
1045 3239 1090 3286 liei
1103 3238 1193 3300 currit,

142 3308 181 3354 ll.
193 3310 259 3355 Nunc
270 3312 368 3368 specta,
378 3310 403 3356 et
413 3309 470 3356 ride
481 3320 520 3354 ros
529 3308 640 3368 illoque·
664 3307 762 3356 fastidio
782 3321 830 3355 non
846 3307 957 3367 capitur,
976 3307 1126 3367 negligentia
1146 3318 1194 3356 non

112 3376 199 3433 lisslt,
219 3377 314 3424 scilicet
333 3389 383 3423 non
394 3377 501 3435 vulgaris
512 3376 620 3425 humoris
631 3391 639 3425 a
665 3378 773 3425 tenetur.
781 3378 858 3424 tlbeat
868 3376 949 3422 anima
959 3377 1001 3421 tua
1014 3376 1039 3421 in
1047 3376 1124 3423 verbo
1133 3376 1193 3437 eins,

112 3444 221 3493 cincinni
240 3447 322 3492 autern
343 3448 400 3493 sunt
422 3445 448 3491 in
467 3457 496 3491 eo
515 3447 640 3505 guttarum
665 3449 690 3495 ct
709 3447 816 3494 cmlestis
838 3445 957 3494 sermonis
975 3445 1061 3494 insiste
1075 3446 1193 3508 uestigiog

111 3514 198 3561 noctis.
221 3513 291 3571 lt'oli,
310 3514 421 3571 proxima
438 3525 507 3572 mea,
528 3515 640 3573 accipere
664 3515 897 3563 citoenimtransit.
943 3548 948 3561 .

111 3583 239 3630 cincinnos
247 3582 409 3641 corporalium
419 3583 576 3642 capillorum.
588 3585 639 3632 lton
695 3585 733 3631 75.
755 3584 867 3644 Denique
885 3585 945 3645 qnid
963 3583 998 3645 ait
1017 3583 1077 3632 llial
1094 3586 1195 3647 Quaesmi

112 3652 150 3701 illi
160 3652 316 3709 ornamenta,
328 3651 479 3699 sederimina
486 3655 543 3700 sunt
553 3667 559 3698 ε
569 3655 641 3702 leno·
664 3667 717 3701 cum
723 3685 731 3710 ,
739 3656 762 3700 et
772 3666 818 3700 raon
830 3655 906 3700 imunt·
914 3655 981 3700 illum
990 3668 998 3699 .·
1006 3656 1088 3701 socom
1097 3668 1161 3711 mm,
1170 3654 1194 3701 ol

112 3720 177 3768 cinia
197 3718 296 3777 torrnae,
317 3730 366 3766 non
386 3723 509 3780 precepta
529 3722 638 3770 virtutis.
664 3722 1193 3785 nonobopdicitaracheputesdispliccrete,

113 3789 179 3837 Alios
197 3789 325 3837 cincinnos
352 3789 587 3851 mosomensem,
614 3793 640 3839 ln
664 3790 1194 3852 quevocastiquaerogastiqueaperuistt,

112 3860 201 3920 quibus
227 3859 320 3907 terrum
343 3872 393 3907 non
414 3860 557 3919 adscendit,
581 3874 641 3920 qnos
664 3859 789 3920 quodiam
801 3859 1129 3920 citoabiit2sinitnoosmpe
1140 3862 1193 3908 ten·

112 3939 185 3974 nemo
203 3928 313 3987 praecidit
334 3940 341 3974 a
360 3928 403 3988 qui
422 3940 471 3975 non
494 3929 641 3976 calamistris
664 3928 721 3975 tari.
733 3928 846 3988 Denique
860 3924 941 3975 turbis
956 3928 1098 3989 rogantibus
1109 3941 1141 3976 ne
1153 3940 1194 3976 ro-

113 3997 254 4056 compositi,
274 3999 300 4045 et
316 3999 368 4047 arto
380 3997 484 4058 digesti,
501 3998 544 4045 sed
556 3999 642 4046 multi·
664 3998 779 4056 cederet,
789 3998 851 4058 quid
860 3998 895 4045 ait
907 3997 933 4044 in
946 3998 1131 4057 Evangelioibl
1141 3999 1194 4046 aliia

113 4064 171 4126 plici
202 4065 336 4128 cri-prutes
363 4067 484 4115 sirtntmn
504 4066 640 4117 nitentium
663 4067 793 4116 civilatibus
809 4069 897 4128 oportet
909 4080 944 4115 roc
961 4068 1123 4128 coocrpciisoco
1141 4080 1193 4116 ocr-
