2632 4784
113 333 159 385 Μ
493 336 624 384 sineri
643 336 813 385 AMBROSH

112 432 197 469 rocem
218 418 334 468 orationis
349 429 425 479 nem,
446 429 493 479 qua
512 431 644 479 prosequor
668 418 775 480 diligens
784 418 902 481 populum
920 426 993 469 snum
1009 414 1121 480 perfecta
1135 412 1199 472 cari·

111 489 217 536 animam
228 489 303 549 piam.
668 489 732 547 tate,
744 502 798 537 sese
812 488 901 537 obtulit
914 488 1034 549 paesium.
1056 490 1086 538 et
1101 503 1146 540 uos
1162 494 1198 541 sie

141 556 181 604 56.
194 557 398 605 Circumdederunt
406 569 441 603 ene
451 557 541 603 dolores
550 557 642 612 mortis,
668 556 807 619 diligamus,
817 559 846 606 ut
856 558 876 605 si
888 569 989 606 necesse
1000 556 1088 618 tuerit,
1101 573 1145 620 pro
1153 562 1198 609 be

109 627 214 687 perinde
230 628 318 686 interni
331 627 469 672 invenenant
484 637 536 683 ἠις
552 625 643 671 multo-
668 625 730 672 mini
748 626 850 674 nomino
869 626 975 674 mortem
992 638 1044 675 nou
1063 627 1197 689 lupianus,

111 706 167 742 rum
182 696 248 742 enim
266 695 377 754 pericula
392 693 462 752 sunt,
479 691 523 739 sed
532 692 642 740 remedia
667 695 763 742 nullum
777 696 928 744 aestimemus
937 695 1059 761 dolorem,
1070 696 1137 745 nibil
1147 711 1197 747 ms·

111 775 253 825 paucorum.
265 765 292 809 ln
301 761 534 810 omnibussucerdos
542 761 643 822 pericli·
667 765 766 811 luamus
776 778 783 809 s
795 764 901 825 Perfecta
916 767 979 813 euim
989 768 1080 815 cerritus
1090 768 1197 816 linerent

110 832 186 891 latur,
204 834 229 878 in
249 832 362 879 omnibus
380 830 430 877 reis
448 830 559 890 angitur,
577 828 642 889 quod
667 833 760 893 expetiit
777 832 852 893 form.
873 833 970 881 Grande
988 834 1088 882 numeri
1109 840 1197 897 mysie·

111 900 179 949 cuim
192 902 234 949 alii
253 901 390 961 patiuntur,
408 900 461 959 lpse
480 899 586 947 sustinet
600 901 643 946 :et
667 900 741 960 rium,
752 900 848 962 quando
857 902 930 948 Pater
940 901 1030 949 lilium
1040 904 1143 951 unicum
1153 918 1196 964 pro

110 968 202 1020 iterum
212 971 339 1029 liberatur,
347 981 404 1017 cum
412 968 455 1015 alii
466 968 507 1029 qui
516 968 642 1027 tenentur,
667 969 737 1017 nobis
747 969 862 1017 omnibus
878 969 990 1029 tradidit,
1002 982 1059 1018 curn
1075 973 1150 1032 pleno
1159 974 1196 1020 lu-

110 1042 229 1103 periculis
249 1041 395 1088 liberantur.
416 1038 532 1086 conteror
553 1036 641 1096 corde3
667 1038 741 1085 minis
755 1038 794 1086 sul
810 1038 870 1087 orbo
888 1039 947 1087 luna
964 1038 1083 1101 tulqeret.
1106 1042 1196 1091 linesi

110 1111 169 1171 quia
181 1112 280 1171 ereptus
298 1111 335 1157 est
347 1110 394 1170 vir,
411 1120 485 1168 quern
501 1107 545 1153 rix
555 1114 643 1165 possu-
668 1107 736 1154 enim
751 1107 866 1167 Ecclesia,
883 1120 940 1169 qum
959 1108 1002 1169 pio
1020 1111 1114 1170 pascha
1132 1113 1196 1160 cele-

111 1191 167 1228 mus
178 1181 290 1227 iuvenire
302 1192 309 1224 ι
322 1178 364 1225 sed
375 1180 457 1225 tamen
468 1179 495 1224 lu
505 1176 580 1234 solus,
593 1175 642 1222 Do·
668 1173 723 1223 brat
740 1176 838 1223 Domini
856 1178 932 1224 nostri
952 1178 1012 1226 iesu
1032 1179 1144 1241 Christi,
1163 1181 1196 1228 si·

112 1249 196 1308 mine,
208 1247 358 1297 invocandus
372 1260 412 1306 es,
423 1249 451 1294 tu
466 1244 603 1306 repandus,
614 1245 642 1292 ut
667 1245 710 1291 cut
725 1244 783 1291 luna
800 1243 909 1304 perlecta
927 1245 953 1292 ln
971 1248 1097 1295 aeternum
1108 1252 1196 1298 manet.

112 1331 169 1367 cum
182 1319 207 1366 iu
217 1319 274 1365 illlis
284 1317 454 1378 repraesentes.
467 1316 513 1373 l'u,
524 1313 642 1374 Domine,
666 1311 782 1372 Quisquis
791 1312 855 1362 bene
865 1313 907 1361 bic
917 1314 1019 1362 Domini
1029 1317 1122 1376 pascba
1132 1318 1197 1366 eele-

112 1388 252 1438 custodiens
261 1387 336 1435 ctiam
348 1387 461 1444 parrulos
472 1385 497 1429 in
507 1382 553 1431 bac
562 1381 643 1431 bumi·
666 1379 789 1441 beaverit,
800 1381 826 1430 in
837 1382 930 1430 lumine
939 1386 1063 1444 perpetuo
1074 1386 1131 1434 erit.
1139 1386 1197 1445 Quis

112 1458 199 1516 litate,
224 1458 302 1504 salvos
321 1455 396 1502 tacito
414 1454 542 1514 sperantes
559 1453 586 1500 lu
606 1456 640 1500 to.
667 1450 819 1510 splendidius
829 1453 1064 1514 celebravil,quam
1073 1454 1115 1516 qui
1124 1456 1198 1505 sacri·

111 1528 148 1574 Ila
160 1526 270 1586 requiem
282 1524 417 1585 perlectam
427 1534 498 1570 servo
507 1523 549 1570 tuo
559 1522 640 1569 'ibeo-
667 1520 734 1580 leqos
755 1523 862 1570 removit
882 1534 993 1584 errores,
1023 1525 1114 1573 clausit
1138 1530 1196 1575 tem·

113 1598 190 1656 doeio,
200 1596 312 1656 requiem
323 1594 488 1652 illam‚quam
499 1590 641 1652 praeparasti
667 1589 721 1650 pla,
732 1591 861 1639 simulacra
873 1591 1013 1642 destruxit?
1022 1595 1052 1642 ln
1066 1594 1112 1645 boc
1122 1597 1197 1647 iosias

113 1667 203 1715 sanetis
211 1666 268 1713 tuis.
276 1664 321 1711 lllo
329 1661 572 1711 convertaturauima
579 1660 642 1719 eius,
668 1671 712 1707 rex
723 1661 890 1721 superioribus
900 1664 1022 1712 antelatus
1032 1666 1081 1713 est.

112 1736 179 1786 undo
196 1734 337 1791 descendii;
359 1732 404 1780 ubi
424 1730 509 1778 mortis
529 1730 643 1777 aculeum
697 1730 736 1777 59.
749 1731 829 1779 blanel
837 1744 894 1792 erqo
902 1732 1196 1798 inlumine't'leeodosius,

113 1805 206 1855 sentire
219 1815 268 1852 non
282 1802 372 1863 possit,
384 1801 425 1849 ubi
438 1800 567 1860 eoqeroscat
578 1811 643 1846 mor·
668 1798 695 1843 et
713 1799 853 1847 sanctorum
869 1801 975 1850 coetibus
996 1803 1127 1862 gloriatur.
1147 1808 1197 1855 lllie

113 1879 164 1923 tem
181 1875 244 1921 banc
254 1885 303 1920 non
314 1872 407 1919 baturus
421 1870 495 1916 linem
514 1881 583 1927 esse,
598 1867 642 1915 sed
668 1877 734 1913 nunc
749 1868 920 1928 complectitur
933 1870 1078 1918 Gratianum
1091 1872 1143 1931 iam
1157 1888 1197 1923 sua

114 1946 201 2003 cuipas.
213 1942 282 2002 Quod
293 1942 361 1990 enim
369 1939 643 1999 mortuusest,peccato
669 1936 771 1983 vulnera
788 1950 836 1986 non
847 1940 1007 2000 merentem,
1027 1940 1086 2001 quia
1105 1943 1198 1992 invenit

114 2014 224 2062 mortuus
235 2013 285 2071 est;
297 2015 325 2060 ut
334 2011 385 2069 iam
399 2010 499 2069 peccato
511 2009 579 2055 locus
589 2020 642 2055 esse
669 2005 790 2052 ultorem:
802 2007 846 2066 qul
861 2008 920 2054 lieet
930 2008 1030 2068 indique
1041 2012 1122 2059 morte
1138 2025 1197 2071 prae·

114 2096 163 2131 mn
183 2082 258 2142 possit
275 2093 282 2126 z
299 2081 411 2138 resurget
426 2080 523 2136 autem,
541 2078 569 2125 ul
585 2089 643 2136 per·
669 2076 1074 2136 repressit,requlemmimosuae
1081 2083 1196 2141 possidet.

115 2154 202 2200 tectior
210 2150 326 2197 renovato
336 2158 438 2194 inuuere
446 2147 497 2193 vila
505 2146 642 2207 reparetur.
668 2143 722 2189 illic
730 2144 806 2193 bonus
816 2148 921 2207 uterque
934 2148 960 2194 ct
967 2147 1070 2207 pietatis
1078 2150 1198 2213 interpres

146 2221 185 2267 57.
203 2219 303 2277 Ditem,
322 2219 348 2265 ot
364 2217 421 2264 ideo
439 2227 573 2275 prosequor
585 2226 643 2261 eum
670 2211 750 2273 largus
766 2213 1001 2264 misericordiarum
1019 2220 1144 2267 consortio
1157 2220 1198 2269 de·

115 2302 193 2351 usquo
206 2288 238 2335 ad
248 2288 373 2347 regionem
384 2285 506 2343 virorum,
517 2296 563 2331 nec
573 2283 645 2331 deso-
670 2283 800 2331 lectantur.
811 2285 848 2331 tte
857 2284 1019 2345 quibusbene
1028 2288 1124 2338 dicitur
1132 2303 1139 2335 ε
1148 2293 1200 2341 nice

116 2372 182 2417 ram,
200 2357 277 2405 donec
289 2356 349 2403 lietu
365 2354 390 2402 el
402 2353 516 2414 precibus
527 2352 644 2399 inducam
669 2354 714 2400 diei
724 2356 813 2401 eructet
821 2354 926 2402 eertum.
936 2355 1025 2403 contra
1033 2359 1119 2407 autem
1127 2360 1199 2408 lini·

117 2429 206 2487 virum,
216 2439 265 2488 quo
280 2437 323 2473 sua
333 2424 422 2471 merila
432 2423 533 2482 vocant,
544 2420 644 2467 inmon-
669 2433 723 2469 mus
738 2426 764 2471 et
775 2422 897 2484 Eugenius
908 2424 935 2472 in
947 2424 1055 2485 interno,
1066 2430 1139 2489 quari
1151 2444 1198 2479 nee

115 2503 167 2546 tem
175 2492 448 2546 Dominisanctummbi
460 2490 645 2551 perennisvila,
669 2492 732 2539 nortl
741 2494 830 2542 indient
839 2494 973 2555 scientium
984 2493 1106 2546 docentes
1116 2511 1199 2547 erem·

116 2568 157 2614 nbi
175 2566 314 2626 corruptela
331 2564 414 2622 nulla,
432 2562 500 2608 uulln
518 2559 643 2621 contagio,
671 2561 711 2619 plo
732 2561 868 2609 miserabili
886 2575 960 2625 quam
973 2564 1064 2613 durum
1085 2568 1119 2617 sit
1136 2582 1199 2619 arm

116 2639 199 2686 nullus
216 2636 335 2696 poenitus,
355 2632 438 2680 rrullus
454 2632 531 2687 dolor,
550 2631 644 2677 nullum
670 2629 720 2677 suis
741 2631 894 2690 principibus
914 2632 1032 2693 irrogare.
1053 2637 1092 2684 De
1114 2639 1199 2698 qmbus

117 2707 265 2755 consortium
281 2704 446 2759 mortuormn3
460 2713 517 2746 vera
526 2699 595 2759 regio
608 2697 647 2745 vi·
671 2700 755 2758 pulcre
766 2699 872 2747 dicitur:
886 2702 940 2748 Vidi
951 2703 1050 2763 impium
1066 2709 1199 2766 euperem

116 2778 236 2832 sentium,
246 2774 288 2821 ubi
295 2774 396 2819 mortale
404 2771 449 2816 boc
457 2769 541 2816 imluat
549 2771 646 2815 immor·
672 2771 746 2815 latrem
756 2770 777 2816 et
787 2769 899 2816 eternium
907 2772 966 2818 sicut
977 2773 1057 2819 cedros
1067 2774 1169 2835 titum
1179 2778 1199 2823 et

115 2846 251 2900 caritatem,
269 2842 295 2889 et
313 2839 471 2897 corruptibile
494 2838 540 2884 boc
561 2836 646 2886 induat
672 2841 777 2897 transiri,
788 2842 868 2887 eiecce
879 2840 1200 2892 noncrnt.‘l'ranslriteuim

117 2912 333 2971 incorruptionem.
354 2909 438 2965 lingna
456 2906 569 2965 requies,
590 2919 645 2966 quae
671 2909 1201 2970 piusdecaliqiueseculariadlumeuaeter·

116 2985 201 3030 vertum
212 2978 313 3038 impleat
325 2976 462 3034 diligentis,
481 2974 647 3033 pulcherrima
672 2992 740 3037 num,
751 2982 776 3027 ot
785 2991 833 3025 nou
844 2980 897 3025 crat
907 2978 1007 3039 impius,
1018 2979 1063 3039 qui
1075 2993 1129 3030 csse
1139 2982 1200 3031 (ιω.

116 3050 252 3113 promissio.
280 3047 337 3094 ideo
368 3045 517 3093 centesimus
545 3047 646 3104 quartus
672 3050 708 3096 vil
724 3049 831 3109 iniquus.

116 3120 228 3168 decimus
246 3118 353 3178 psalmus
371 3114 473 3162 alleluia
484 3114 626 3160 inscribitur
638 3126 644 3159 :
701 3116 739 3163 lo.
752 3119 820 3165 liunc
831 3130 856 3165 se
868 3119 974 3179 anqustae
983 3120 1112 3169 memorias
1123 3122 1201 3170 Thoe

116 3190 223 3249 denique
235 3198 307 3246 supra
317 3186 342 3232 in
353 3185 440 3245 quarto
449 3183 545 3230 decimo
553 3184 646 3242 psalmo
672 3187 753 3235 dusius
773 3200 874 3247 regnare
895 3190 1032 3249 cognoscit,
1055 3191 1155 3250 quando
1175 3193 1199 3239 iu

115 3258 293 3321 perlectionem
309 3253 416 3301 bominis
430 3253 577 3311 accepimus.
599 3252 646 3299 Scri
672 3268 747 3315 regno
755 3255 853 3302 Domini
861 3256 919 3303 tesu
927 3257 1017 3304 (timisti
1028 3259 1115 3318 cst,et
1123 3259 1201 3308 coust-

116 3329 168 3376 illic
180 3327 312 3382 tornatus,
323 3323 449 3384 perlectus
466 3322 526 3368 licet
541 3322 588 3380 cir,
603 3322 646 3370 sed
671 3325 739 3371 cierat
749 3327 867 3386 templum
879 3327 940 3384 ejus.
952 3328 1021 3374 Nunc
1032 3328 1081 3375 sibi
1093 3342 1140 3376 rex
1149 3330 1199 3388 est,

116 3398 195 3444 adlruc
213 3396 314 3455 peccato
325 3391 460 3449 obnoxium
472 3393 529 3451 quia
547 3392 609 3438 vivit
620 3392 646 3438 in
671 3395 767 3454 quando
778 3395 865 3454 recipit
876 3396 951 3443 eliam
960 3396 1038 3443 illium
1045 3394 1201 3446 cratisnum·

116 3467 205 3514 saeculo
218 3478 225 3510 ε
238 3464 278 3510 bic
289 3473 346 3507 vcra
356 3460 474 3520 perfectio
485 3462 532 3519 est,
543 3461 586 3507 ubi
596 3460 646 3518 iam
671 3464 697 3509 ct
711 3464 880 3522 pulcheriam,
893 3465 1033 3512 dulcissima
1050 3467 1100 3514 sibi
1119 3469 1201 3528 piqno-

117 3534 189 3593 culpa
209 3531 322 3589 cessavit,
333 3530 409 3591 quatis
420 3532 545 3590 perpetum
555 3529 646 3589 quietis
671 3545 713 3589 ra,
730 3545 785 3591 quae
800 3533 841 3578 bic
861 3534 989 3591 amiserat;
1006 3536 1106 3594 qnando
1118 3537 1143 3583 ei
1158 3548 1199 3584 sua

117 3604 216 3651 attulsit.
671 3602 782 3647 Flaccilla
803 3602 925 3659 aclbmrei,
943 3602 1023 3650 fidelis
1034 3605 1120 3651 cerrima
1138 3608 1198 3663 Doo;

147 3675 185 3720 58.
200 3673 257 3720 ideo
268 3673 417 3720 centesimus
427 3670 646 3732 quartusdecimus
670 3670 767 3729 quamlo
786 3673 880 3729 patrem
896 3671 943 3717 sibi
956 3672 1082 3719 redditum
1099 3675 1200 3733 guatma-

116 3744 232 3803 psalmus,
242 3743 299 3803 quia
308 3741 472 3790 remuneratio
480 3740 644 3788 caritatisest:
671 3741 719 3798 tur,
739 3740 835 3797 quando
853 3739 1009 3787 Constantino
1027 3741 1148 3790 adhaeret.
1160 3743 1200 3791 cui

116 3813 182 3860 unde
194 3810 290 3859 Domini
300 3811 389 3873 pascba
397 3809 578 3872 quartadecima
587 3810 645 3857 luna
671 3810 728 3856 licet
741 3809 893 3867 baptismalis
903 3810 979 3868 qratia
993 3810 1020 3856 in
1036 3811 1136 3861 ultimis
1146 3824 1201 3860 con-

117 3881 219 3928 turmam
236 3880 386 3927 celebritatis
402 3878 512 3938 necepit3
529 3878 645 3938 quoniam
670 3878 756 3925 stituto
768 3878 849 3924 onmia
861 3878 1110 3939 peecatadimiserit‚
1122 3884 1200 3929 lamen

118 3951 159 4011 qui
173 3950 262 4008 pascha
270 3949 387 4005 celebrat,
400 3948 473 4027 debet
484 3961 537 3994 esse
548 3949 646 4008 perlec—
665 3949 1201 4029 Μ

117 4018 344 4077 trucemtrucem
359 4017 490 4064 Dommum
504 4017 586 4064 lesum
601 4017 644 4079 qui
670 4030 807 4070 Theodosius.
