2632 4784
120 325 163 371 ron
330 358 333 363 -
506 325 630 372 SANCTI
649 322 816 371 ARBROSH

118 407 301 456 nascitur:oiio
313 408 370 457 ritis
381 409 511 469 inseritur,
522 409 570 455 atio
581 419 648 468 gem·
673 406 750 464 teria,
769 407 835 454 nutis
854 405 991 455 substrntie
1007 418 1062 456 esse
1080 403 1206 466 inssit‚et

118 475 209 522 muntia
227 478 348 524 sarmenta
366 477 520 536 pubescunt,
538 475 647 523 luxuriet
672 474 916 523 tuctuscsticoeium
927 474 1043 535 ndsptce,
1062 476 1154 524 terram
1167 476 1204 521 in·

118 544 261 604 pampinus,
271 557 320 593 ura
336 545 456 594 tormrtur
468 558 475 591 c
486 546 535 592 etio
551 544 647 604 pionte·
671 544 751 592 tuere.
759 543 959 592 Undestetirrnru
967 542 1130 604 iguestunde
1137 544 1203 592 orbis

118 612 160 658 tur
167 612 291 669 clematio
299 613 369 661 reiut
376 614 431 660 niro
439 613 520 672 gravis
528 614 553 660 et
560 612 646 659 onusto
671 611 929 661 consotndiitunde
943 613 1010 661 lunas
1026 612 1202 674 giobnstundc

118 681 187 740 prole
204 681 348 740 baccorum,
364 681 458 729 tructus
474 682 513 728 sui
535 681 646 729 ubertate
672 681 792 728 montium
802 681 923 740 uertices,
934 681 997 729 dure
1015 695 1148 740 saxorum,
1160 693 1202 728 ne·

118 749 248 798 curvescit.
258 752 320 798 Ante
330 763 469 811 veroquam
479 762 550 798 suum
557 750 646 810 cuique
671 747 765 795 morosa
775 748 909 797 siirrrumt
918 750 985 798 unde
993 750 1201 807 reididususaer,

118 819 440 878 tempusndrenint,ioeturn
449 819 586 866 restrictior
594 821 644 866 est:
671 817 711 864 rei
721 816 807 864 iuirrsae
818 819 858 865 vei
874 817 1010 877 superfuso
1024 815 1112 878 nquaet
1121 817 1170 865 Sed
1181 819 1200 864 si

119 898 164 934 nec
180 888 346 947 generationis
361 890 458 936 aetntem
470 889 544 935 nabet
560 889 585 935 in
602 900 647 947 po-
671 885 724 933 tuec
734 886 817 933 omnin
831 887 899 933 Dens
915 886 978 934 tecit
988 900 1021 934 cx
1039 886 1123 934 nihilo
1134 884 1143 946 t
1154 888 1201 946 ipsc

117 955 206 1002 testntc
224 955 356 1014 generandi
380 955 445 1014 ipsa,
463 967 518 1015 ‹quae
536 957 645 1015 generet.
671 955 732 1000 enim
740 954 917 1013 dicit,et!ccto
926 956 1062 1015 sentcipcc
1072 955 1201 1011 memnii,

117 1024 186 1071 itone
194 1023 323 1071 intormem
333 1025 469 1082 situ,nunc
478 1022 645 1082 toetunudnm,
670 1024 693 1070 ct
708 1025 788 1070 creato
806 1022 892 1083 suot),
903 1035 948 1071 cur
968 1023 1092 1071 miremur
1107 1021 1200 1070 mnasci

118 1103 182 1138 nunc
193 1091 315 1138 virentem
331 1088 446 1151 tioriiius,
459 1104 524 1139 nurrc
536 1094 645 1139 arentem
671 1101 741 1151 posse
757 1091 822 1151 quod
833 1093 920 1153 tuerit,
937 1104 994 1140 cunr
1011 1091 1144 1140 rideamus
1161 1103 1201 1137 na·

119 1161 196 1219 ipsam
208 1161 317 1207 omnium
332 1173 417 1208 cernas
431 1162 568 1221 parentem.
587 1160 646 1217 Ques
671 1160 722 1206 tum
733 1171 786 1207 esse
801 1160 867 1220 quod
877 1170 926 1207 non
943 1159 1009 1225 runis

114 1229 203 1289 utiqm
219 1230 297 1277 veliet
308 1231 426 1277 omnibus
440 1242 466 1277 so
480 1229 571 1277 restire
582 1229 646 1276 tcm-
700 1228 739 1275 oo.
751 1228 814 1275 iliud
825 1228 924 1288 mirum,
932 1228 999 1288 quod
1008 1240 1067 1277 curn
1077 1239 1199 1276 resurrec-

113 1295 231 1358 -poribns,
248 1309 294 1345 uec
312 1310 426 1356 umquam
446 1309 520 1345 nureo
534 1298 644 1357 seqctum
671 1297 763 1345 tionem
781 1309 829 1344 non
846 1296 962 1355 credant,
975 1300 1061 1345 tamen
1077 1308 1109 1345 ne
1127 1309 1200 1356 penus

117 1365 160 1412 nui
170 1364 302 1412 viridantia
312 1367 437 1424 pratorum
448 1364 591 1412 indumenta
602 1364 646 1412 de·
670 1366 755 1425 perent
763 1366 905 1425 hominurn,
914 1366 1146 1426 clementiqucdam
1158 1367 1199 1413 ne-

117 1445 209 1491 ponere
222 1434 291 1493 :ipss
301 1434 340 1480 sui
349 1446 436 1492 egens,
446 1435 470 1481 et
481 1433 645 1492 proventuum
671 1433 790 1494 niquitate
800 1434 968 1494 prospiciunt;
979 1435 1004 1481 et
1020 1434 1079 1482 idco
1097 1434 1198 1481 transire

116 1512 230 1560 suorum,
242 1515 298 1561 ques
314 1502 340 1548 in
353 1503 413 1549 alios
424 1501 596 1562 trnusiuderit,
606 1502 646 1549 in-
670 1514 699 1550 rc
709 1501 846 1560 demigrare
857 1503 883 1549 iu
895 1515 998 1563 corpore
1008 1502 1098 1550 dicunt
1109 1504 1198 1549 animas

118 1568 201 1617 dotntn
216 1571 374 1631 compendiis.
670 1571 818 1619 osmundus
830 1571 944 1620 intereat.
963 1571 1011 1619 Sed
1029 1571 1093 1631 quid
1104 1573 1137 1618 sit
1154 1570 1199 1617 dii-

148 1636 187 1683 62.
199 1639 261 1699 Erqo
275 1641 301 1688 et
318 1640 425 1689 nostrum
440 1641 645 1690 resurrectionem
671 1640 773 1697 icilius,
785 1639 831 1698 ipsi
842 1639 970 1699 adserunt,
981 1638 1087 1687 transire
1097 1640 1198 1695 animas,

118 1705 166 1755 etsi
178 1719 226 1755 non
238 1709 317 1757 credis
328 1710 390 1769 tide,
401 1723 451 1758 non
469 1711 548 1758 credis
559 1722 645 1758 exem·
671 1708 793 1756 noredino
804 1720 811 1752 ε
822 1720 865 1755 suu
874 1710 1003 1768 repetere,
1012 1719 1046 1755 ru
1057 1720 1121 1756 nora
1133 1720 1198 1769 qure-

117 1774 172 1833 pio,
183 1788 231 1823 usu
246 1787 273 1824 es
283 1777 429 1825 crediturus.
441 1779 470 1825 Et
479 1778 535 1825 otiis
545 1777 645 1837 quidem
670 1789 734 1825 rere.

116 1843 251 1902 ductibus,
270 1848 299 1894 ut
309 1846 369 1905 uiti,
381 1847 456 1906 otene,
467 1847 594 1906 pomisque
607 1848 645 1893 di·
699 1846 737 1893 66.
749 1846 797 1894 Sed
816 1846 853 1894 iili
867 1847 994 1907 dubitent,
1012 1847 1057 1909 qui
1072 1858 1123 1894 non
1136 1845 1197 1892 didi·

118 1914 195 1962 rcrsis
205 1915 263 1961 noni
275 1915 333 1963 aetas
342 1915 452 1962 extrema
463 1915 553 1963 habitis
564 1918 645 1963 metu·
670 1917 774 1963 cerunt:
786 1928 830 1963 nos
842 1929 900 1964 vero
915 1918 958 1976 qui
974 1916 1081 1975 tegimus
1092 1917 1197 1976 Legem,

117 1981 200 2028 rrndis
212 1994 219 2027 τ
238 1982 309 2029 uobis
323 1995 420 2042 querque
431 1983 517 2030 muudi
535 1996 645 2030 eonsum-
670 1985 812 2044 prophetas,
822 1986 955 2043 npostoios,
965 1985 1144 2043 Eranqetiurn,
1155 1982 1197 2029 du·

115 2049 193 2096 matio
204 2051 328 2111 tamquam
338 2053 465 2099 extremus
474 2054 532 2099 enni
541 2052 596 2099 tinis
605 2065 645 2100 nc·
670 2053 747 2100 bitere
766 2052 801 2099 ins
810 2065 859 2100 non
871 2055 915 2100 est.
927 2054 987 2112 Quis
999 2054 1067 2102 enim
1086 2051 1196 2108 dubitet,

117 2117 268 2164 commodum
277 2117 419 2177 resurgendi
431 2120 579 2178 praescripsit
587 2120 646 2167 ceta·
669 2133 726 2167 curn
738 2121 796 2181 tegit
808 2135 815 2167 ε
827 2123 858 2169 Bt
871 2123 896 2169 io
907 2125 1007 2181 tempore
1017 2124 1059 2170 iiio
1069 2121 1197 2170 retentetur

116 2188 176 2235 tcm.
190 2187 218 2231 ut
229 2187 292 2235 bene
303 2189 329 2234 iu
340 2189 546 2236 consummatione
559 2190 643 2237 mundi
669 2193 743 2238 omitto
752 2191 814 2250 ptcbs
824 2192 879 2249 ino,
888 2204 939 2250 qen
949 2194 1038 2251 scripto
1047 2193 1080 2239 cst
1088 2193 1115 2238 io
1127 2189 1196 2237 titre:

117 2257 264 2304 resurrectio
290 2259 442 2305 mortuorum
461 2260 512 2316 est;
535 2270 567 2305 ne
589 2261 643 2318 post
668 2261 689 2304 ct
697 2261 764 2306 motti
773 2260 936 2306 dormientium
946 2263 1045 2308 interro
1055 2260 1125 2318 four)
1131 2270 1196 2315 ,ron

117 2327 321 2375 resurrectionem
341 2329 366 2374 in
394 2327 439 2373 hoc
463 2328 555 2373 motum
573 2328 644 2376 nobis
669 2329 960 2388 opo-tioocernnrpent,iii
970 2331 1196 2377 incitoosoetcrcosc

117 2397 181 2445 esset
197 2398 313 2444 soeculum
329 2396 497 2444 recidendum.
509 2397 566 2444 ideo
576 2398 642 2444 enirn
668 2398 689 2443 ct
709 2396 735 2442 iu·
751 2398 777 2443 tn
792 2395 942 2455 opprobrium
957 2400 979 2444 et
996 2399 1023 2443 in
1037 2397 1196 2454 matoneum

116 2465 226 2514 christus
235 2468 273 2515 est
282 2479 378 2527 passus,
387 2466 415 2512 ut
425 2478 468 2513 nos
479 2478 511 2512 en
523 2467 569 2514 hoe
579 2467 643 2514 moto
667 2468 802 2524 perpetuam
816 2482 825 2514 .·
841 2469 863 2513 et
884 2465 1034 2524 iutettiqentes
1048 2461 1196 2523 splendebunt

116 2536 206 2583 sternio
222 2536 353 2594 liberaret3
365 2548 396 2582 ne
407 2536 498 2583 iterum
516 2549 559 2583 nos
569 2537 643 2595 liujus
668 2537 693 2581 ut
703 2536 808 2594 spteodor
817 2537 960 2594 {trinomenti
966 2567 973 2591 ,
981 2536 1003 2581 et
1013 2547 1044 2580 ec
1050 2534 1123 2592 jottir
1131 2531 1197 2577 metti

117 2605 507 2654 secuntentamenusunruerent
515 2608 540 2652 et
548 2606 643 2654 obesset
667 2605 725 2651 sicot
735 2605 804 2651 stettoe
815 2608 840 2651 in
851 2602 951 2652 secroto?
962 2605 1030 2648 Bene
1041 2602 1126 2660 itoque
1141 2599 1196 2645 dor-

116 2676 224 2735 renasci,
236 2676 256 2723 si
267 2687 451 2722 renasceremur
461 2676 492 2721 od
502 2677 607 2735 cuipam.
668 2673 796 2720 inientium
815 2673 880 2719 dixit
888 2672 1012 2732 quietem,
1031 2672 1059 2717 ut
1071 2669 1196 2726 intettigos

146 2742 184 2790 dn.
197 2745 226 2790 nt
236 2744 356 2793 rationem
365 2744 439 2801 igitur
451 2745 641 2805 resurrectionis,
668 2744 881 2788 mortemnonesse
891 2741 1109 2799 perpetuamque
1118 2736 1194 2783 sornni

116 2813 142 2859 et
152 2811 249 2871 tempus
260 2813 388 2858 tenemus:
401 2810 533 2869 rationem,
545 2814 603 2871 quio
617 2815 641 2860 in
667 2811 721 2857 vice
734 2811 811 2857 initur
827 2808 858 2856 nd
875 2809 985 2867 tempus,
1005 2809 1031 2853 et
1048 2806 1081 2853 nd
1099 2808 1195 2863 tempus

117 2877 229 2925 omnibus
244 2876 291 2923 sibi
308 2875 487 2935 toetibusaeque
502 2880 589 2924 uatum
602 2892 642 2927 re-
667 2879 807 2926 exciuditur
829 2891 836 2925 :
856 2879 1032 2934 melioremque
1055 2874 1194 2935 proiectum

116 2945 233 3005 spondet,
243 2957 289 2991 nec
305 2944 331 2990 in
347 2945 397 2991 sota
409 2944 535 2993 homiuum
546 2960 640 2996 succes·
667 2948 782 3006 vitreeJus
790 2947 903 3003 ostendit.
911 2959 965 3005 qnae
973 2943 1056 2991 futura
1066 2946 1122 3003 post
1132 2955 1194 2988 rnor-

116 3013 185 3061 sione
203 3013 334 3072 degeneret
348 3026 355 3058 ε
367 3012 476 3074 tempus,
488 3017 545 3074 quin
560 3019 640 3065 omnin
667 3018 715 3063 tem
735 3019 785 3075 est,
797 3028 869 3076 quom
886 3014 939 3072 ejus
949 3026 1004 3072 qum
1018 3014 1077 3059 note
1091 3014 1194 3057 mortem

117 3084 205 3130 inonui
217 3082 264 3132 fine
275 3085 431 3144 generentur.
443 3085 523 3132 itundi
531 3087 640 3147 temporo
666 3098 802 3132 niceroreoc
813 3085 895 3132 dolore
904 3082 1056 3141 transigitur.
1066 3081 1193 3141 Siquidem

116 3162 194 3199 annus
203 3164 267 3199 unus
275 3153 321 3198 est.
329 3150 422 3212 thuid
431 3153 519 3200 rutrum
531 3155 551 3200 si
563 3167 640 3204 acinus
665 3155 707 3200 itio
725 3155 803 3201 stellis
821 3154 987 3212 eomparatur,
1007 3151 1060 3198 haec
1078 3161 1194 3197 rerumne

115 3220 391 3280 unusest,qunnd0dies
402 3221 564 3269 utinest'tttun
573 3226 638 3270 enirn
665 3224 794 3270 addicitur.
1036 3218 1039 3223 ’

114 3289 155 3338 die
166 3290 285 3337 Dominus
300 3290 423 3348 operarios
435 3291 552 3336 conduxit
563 3292 594 3337 nd
602 3293 638 3338 si·
694 3293 732 3337 67.
744 3293 803 3338 Nom
815 3291 876 3351 quid
886 3292 926 3338 itin
934 3292 1075 3350 contexam,
1083 3302 1138 3350 qnae
1146 3289 1193 3334 alic

114 3370 200 3418 neem,
219 3357 304 3405 diceus
318 3371 324 3402 c
341 3359 400 3416 Quid
414 3358 451 3403 iiic
465 3360 531 3404 statis
546 3362 594 3406 teto
604 3361 638 3407 die
664 3360 716 3405 ioco
727 3360 816 3417 scripto
825 3362 881 3406 sunt
894 3359 1037 3406 :Srmcitabis
1050 3372 1098 3414 sire,
1110 3361 1131 3403 et
1139 3369 1192 3402 con·

113 3426 197 3474 otiosi?
316 3435 321 3445 “
662 3426 743 3482 Jitebor
753 3426 809 3472 titii?
821 3426 885 3483 Quid
897 3426 972 3472 etium
982 3423 1060 3482 titud,
1072 3423 1136 3483 quod
1147 3422 1190 3468 ron

143 3493 182 3540 ot.
194 3493 275 3543 Ceusae
285 3493 406 3554 originum
416 3495 509 3543 semina
520 3494 584 3543 sunt.
596 3494 637 3541 Se·
663 3495 824 3542 sunctusritoe
833 3495 905 3540 istius
914 3494 1033 3552 expertus
1041 3492 1158 3549 injurias,
1167 3490 1190 3536 et

112 3574 171 3610 men
189 3576 243 3611 esse
264 3575 350 3623 corpus
373 3564 505 3612 humanum
528 3565 636 3624 gentium
663 3563 763 3611 adversa
775 3563 856 3609 omnin
870 3561 1103 3622 patieutiovntuns
1117 3571 1190 3606 exsu-

113 3631 201 3678 Doctor
211 3631 327 3680 adseruit.
339 3633 379 3679 Est
388 3644 444 3692 ergo
453 3632 588 3679 substantia
598 3644 637 3679 re-
662 3642 764 3689 pernns,
775 3629 997 3690 compensationem
1008 3628 1056 3675 siin
1072 3628 1189 3674 maiorum

111 3702 240 3762 surgendi,
252 3703 348 3763 quando
357 3702 394 3748 est
404 3703 479 3748 series
490 3700 634 3748 seminandi.
662 3699 819 3756 praesentium
838 3698 868 3744 de
887 3696 1068 3744 resurrectione
1078 3694 1189 3756 promisit

110 3770 179 3829 Quod
190 3770 210 3816 si
221 3770 356 3819 substantia
367 3770 410 3817 aut
420 3782 491 3816 causo
502 3769 635 3828 nonessot,
662 3767 746 3814 dicens
765 3780 772 3812 ε
788 3766 914 3814 suscitabis
932 3777 1016 3825 corpus
1033 3778 1112 3812 mcum
1133 3765 1188 3820 troc,

111 3840 215 3887 arduum
231 3840 359 3900 quisquam
380 3839 478 3898 putaret
497 3838 547 3882 Deo
570 3836 635 3884 unde
661 3835 1187 3897 quodmoitomaicpmsomesttnsaiasquo

111 3906 204 3966 veliet,
220 3907 259 3954 rei
278 3905 397 3966 quomodo
416 3903 506 3960 veltet,
525 3903 636 3950 homines
661 3904 1187 3964 queresurrectionempopulisnnnunciuns,

112 3973 447 4036 regenerare,quimumium
466 3974 635 4021 exriuttnmo·
661 3973 782 4023 dominici
798 3986 823 4022 se
852 3972 967 4022 nuntium
986 3973 1053 4021 dixit
1076 3986 1129 4022 esse
1150 3984 1189 4019 re«
