2632 4784
337 104 995 159 1>ssoralcllsalllllsaltounm,nisenii.
1163 111 1207 157 183

64 186 91 241 'h
160 182 203 231 aab
212 184 245 233 at.
258 180 323 243 qnid
339 185 427 233 autem
444 185 495 235 tam
510 185 653 246 mmmm,
678 186 1208 252 quisporleulurasnumprouniacrsaplebo

159 262 209 308 rara
216 249 351 313 immitunt
367 254 435 313 Quid
450 256 502 303 tam
519 254 652 315 decorum,
678 256 778 317 oderatr
793 268 849 307 non-
860 258 1012 307 estdubiam
1028 260 1095 321 quod
1110 261 1208 309 matum

157 329 208 375 l!
219 320 399 371 murtam
408 335 507 373 mare
517 336 618 385 oorpna,
626 325 653 374 et
677 325 788 375 cadatis
798 326 896 388 aptabo
905 326 932 375 ln
942 340 1000 376 oum
1009 327 1169 387 retundatur,
1178 331 1208 377 ut

156 382 265 439 minan
279 390 355 451 pt'quo
377 391 551 441 intaminatum
571 394 651 454 pudo-
676 394 782 454 populas
802 396 908 445 mutem
928 396 983 457 eius
997 398 1025 446 ot
1036 396 1140 457 enom
1157 398 1208 446 sibl

155 452 350 517 minantium
363 459 414 507 tam
432 459 650 523 decorum‚quam
676 462 796 522 proterat.

155 520 306 575 ramnum
324 527 441 576 defuneto
462 530 561 590 conjugi
577 530 649 579 fldem
705 533 744 578 ill.
762 534 869 592 Quantas
884 535 978 596 lloyses
993 548 1007 584 ι
1022 536 1114 598 popolo
1125 537 1207 587 illatas

64 618 71 631 ·
153 594 222 643 ml
236 596 299 655 Quid
317 598 394 645 etiam
422 598 468 646 boe
487 600 589 658 utilius,
602 614 650 661 quo
674 600 818 649 absorbebat
829 605 1045 654 contumeliosaet
1053 619 1109 654 eum
1121 606 1206 653 bomi-

152 665 225 717 Ρεῐιιιι
238 665 342 713 rueledo
353 665 504 727 adquiriturt
515 670 649 717 Sentenim
674 680 719 715 uua
731 670 756 716 in
774 669 907 720 insolentes
924 674 1049 722 vindicare
1067 676 1159 733 vellet,
1177 686 1207 723 so

150 731 179 781 tlt
187 745 205 779 rr
220 736 379 784 mummi
388 737 483 797 propter
492 750 590 797 κφιιιιιι
605 752 650 787 coe·
674 740 756 785 tamen
766 752 809 798 pro
817 741 907 800 populo
919 742 1036 789 atterebat
1046 742 1204 802 frequenter,

149 790 210 846 tuan.
234 838 237 843 .
674 810 701 853 ut
720 808 880 867 indignationi
895 808 987 859 divine
998 812 1098 870 piebem
1112 812 1205 860 subdu·

364 869 414 882 ““
673 876 843 935 ceretlQuam
855 877 910 925 miti
921 890 1034 928 sermone
1042 881 1204 940 postinJ'urias

277 935 404 990 CAPUT
427 936 494 989 VII.
672 944 812 1004 appennini
831 947 964 1008 populum,
987 949 1156 997 consolabatur
1176 949 1204 997 in

134 1016 238 1072 braum„
255 1033 316 1072 m,
334 1044 375 1075 m,
390 1045 414 1074 ae
429 1035 575 1081 mmm„
594 1036 647 1074 „hp
672 1013 811 1075 laboribus,
830 1016 951 1065 delinibat
966 1018 1085 1077 oraculis,
1103 1018 1203 1067 fovebat

151 1090 211 1124 aisn
222 1088 300 1127 urruns
314 1088 440 1135 armaions,
453 1100 505 1139 quis
520 1095 647 1129 mansueru-
671 1084 833 1142 operibnszet
842 1097 898 1131 carm
909 1086 961 1133 lieo
968 1089 1108 1135 constanter
1118 1089 1204 1147 loquo·

154 1137 339 1188 licentiabimus,
347 1143 494 1189 beneticentiae,
501 1142 583 1189 latsltliu
592 1144 647 1181 allis
671 1154 752 1200 retur·
769 1153 881 1203 hominu
896 1155 978 1203 [amen
991 1156 1079 1203 humili
1098 1157 1202 1216 etv-m

150 1182 646 1244 quevirtutibuscompara'tunquemadmodum
745 1187 752 1213 ’

149 1244 517 1296 „1053„„„„„ffi„„,„„,
531 1247 597 1285 dn„
610 1250 645 1285 „„
670 1224 834 1283 appellatione
845 1224 913 1272 attari
925 1226 1034 1274 solebat?
1044 1227 1202 1274 lleritoassti·

146 1300 214 1349 erup:
222 1305 331 1350 putrem
339 1305 380 1340 aas
389 1302 573 1341 dileetionsadsm
583 1304 646 1350 nuci,
671 1295 749 1339 inatus
760 1293 798 1339 est
807 1305 880 1354 supra
892 1293 1018 1353 homiues,
1031 1295 1059 1341 ut
1070 1297 1095 1342 et
1107 1296 1215 1343 vultum.

144 1355 463 1394 annuendemseuonem
671 1358 724 1416 eius
732 1372 779 1407 nou
788 1362 887 1421 possent
895 1361 1041 1421 intendere,
1053 1364 1202 1422 etsepultu-

146 1422 183 1473 aa.
203 1426 253 1475 lisr
272 1426 349 1487 igitur
367 1439 417 1474 non
434 1427 512 1475 solum
524 1426 645 1475 familiare
671 1428 784 1485 remeius
796 1434 976 1490 nonrepertam
990 1430 1201 1491 crederent;quta

118 1494 305 1543 contuberniam
323 1496 458 1544 bonestalis
472 1496 499 1543 et
517 1496 644 1555 utilitatis,
670 1495 704 1542 sic
713 1496 759 1543 sibi
768 1498 1030 1557 totiusplebismentes
1039 1497 1201 1558 devinxerat,

121 1563 160 1609 sed
168 1564 255 1613 eadem
265 1576 364 1625 qnoque
375 1566 481 1625 utilitas,
492 1579 546 1627 qum
558 1566 644 1613 boues·
670 1565 696 1610 ut
710 1566 765 1624 plus
777 1579 834 1613 eum
851 1579 896 1626 pro
906 1566 1096 1613 mansuetudine
1111 1566 1200 1628 dilige·

121 1631 229 1680 tmldeo
238 1633 266 1681 et
284 1632 330 1680 ille
348 1634 392 1694 qui
406 1645 509 1694 reguum
527 1635 644 1682 emiorum
669 1638 737 1693 rent,
751 1647 824 1694 quam
833 1648 877 1695 pro
885 1636 956 1682 iactis
963 1636 1152 1683 admirarentur.

122 1699 335 1749 volebatomntbus
344 1704 454 1762 aperire,
462 1716 511 1752 non
520 1704 585 1764 quod
596 1705 644 1751 sibl
699 1701 738 1746 52.
750 1702 815 1760 Quid
826 1704 880 1762 ejus
890 1703 999 1750 imitator
1014 1704 1111 1750 moetus
1121 1702 1200 1750 liarid

122 1766 644 1830 utilequaerebal,sedquodomnibus.Unde
670 1772 764 1819 electus
774 1785 808 1819 ex
826 1772 939 1820 omnibus
953 1772 983 1820 ad
1000 1773 1098 1833 plebem
1111 1784 1201 1832 repen-

118 1835 174 1885 onto
189 1838 290 1898 quidam
300 1839 372 1887 nobis
383 1840 409 1886 et
418 1841 506 1900 qradus
518 1840 645 1889 iaciendas
669 1842 738 1901 dam,
749 1854 821 1902 quam
841 1842 908 1890 mitis
924 1841 950 1890 et
968 1841 1085 1899 blaauius,
1097 1842 1200 1903 humilis

117 1906 163 1967 est,
170 1909 329 1957 obamabbis
337 1909 433 1959 usitatis
441 1911 644 1959 etcommuuibus
668 1912 772 1971 spiritu,
783 1911 883 1959 sedulus
898 1911 985 1971 corde,
998 1910 1077 1958 tacitis
1095 1910 1200 1957 allectat

115 1976 142 2024 id
150 1989 180 2024 ca
190 1991 247 2038 qnae
255 1979 501 2039 suutpraecoiientia3
513 1983 541 2026 ut
549 1993 579 2027 or
589 1982 645 2041 ptu-
670 1982 730 2029 tate
741 1993 841 2039 reguum
852 1993 878 2029 se
888 1994 931 2040 pro
941 1980 1197 2029 omnibusoiterebat:

115 2046 178 2093 ribus
187 2047 306 2095 utilitatis
317 2048 457 2107 colligamus
468 2048 613 2108 proiectum.
669 2062 713 2096 rex
723 2062 779 2096 euru
797 2050 910 2097 omnibus
927 2050 1038 2110 mquabat
1053 2063 1120 2096 suam
1132 2049 1199 2095 mili·

140 2115 221 2165 ime
235 2118 345 2177 primum
358 2118 500 2167 noverimus
515 2118 578 2165 nibil
593 2120 643 2166 tam
668 2119 742 2178 tiam,
754 2122 780 2166 et
790 2119 942 2178 partiebatur
952 2120 1061 2165 laborem
1073 2132 1080 2163 ε
1093 2116 1161 2164 tortis
1171 2117 1198 2164 iu

113 2185 184 2245 aitte,
205 2198 281 2247 quam
298 2186 369 2246 diligi
381 2186 462 2243 :nibil
479 2189 528 2233 tam
541 2187 643 2247 inutile,
669 2188 916 2245 praelio,mansuetus
926 2188 952 2233 in
964 2186 1083 2246 irnperio,
1102 2186 1199 2245 patiens

113 2267 181 2313 quam
192 2267 243 2303 non
253 2256 346 2315 amari3
358 2268 416 2303 nam
426 2255 482 2302 odio
493 2255 578 2302 baberi
588 2257 643 2303 eai-
669 2256 693 2300 la
704 2256 831 2313 conuicio,
842 2255 905 2303 terre
918 2257 994 2313 inopis
1005 2256 1114 2314 promtus
1123 2266 1198 2314 quam

113 2322 167 2370 tiata
177 2324 294 2371 aenimis
312 2324 417 2384 capitale
428 2324 545 2370 arbitror.
557 2325 643 2383 ltaque
668 2325 761 2372 reterre
783 2325 906 2382 iniurias..
916 2324 972 2371 ldeo
988 2324 1037 2371 tam
1059 2335 1129 2370 carus
1145 2324 1198 2369 orat

113 2390 293 2453 mammeam
301 2394 366 2440 omni
375 2392 507 2441 sedulitate
516 2405 643 2441 commen·
667 2395 795 2454 omuibus,
809 2396 837 2441 ut
851 2394 950 2452 iuvenis
965 2393 1109 2452 adaequata
1122 2391 1199 2440 etiam

112 2458 194 2509 demus
211 2460 425 2509 existimationem
450 2461 642 2522 opinionemque
668 2462 759 2510 invitus
769 2464 909 2523 peteretur,
922 2462 1039 2511 resistens
1052 2460 1197 2521 soporetur,

113 2530 231 2587 ammam,
242 2540 271 2577 ac
283 2529 390 2589 primum
400 2529 542 2588 placiditate
553 2531 642 2578 ruentis
667 2543 744 2577 senex
752 2542 784 2576 ue
793 2529 1012 2590 praliointeresset
1020 2541 1034 2575 a
1042 2528 1093 2576 suis
1101 2540 1198 2586 rogaro·

113 2598 133 2643 et
142 2598 221 2645 animi
232 2598 385 2658 benignitate
397 2597 526 2645 inlluamus
535 2598 561 2645 in
570 2600 643 2648 allec-
666 2603 720 2658 tur3
732 2599 797 2659 quod
807 2599 909 2646 mallent
919 2598 1116 2657 omuesprolpso
1128 2596 1197 2657 paeri·

112 2668 159 2715 tum
170 2668 312 2715 bominum.
323 2667 451 2727 Popularia
461 2669 527 2714 enim
538 2670 563 2716 et
574 2672 640 2728 prata
666 2670 761 2727 clitari,
769 2681 841 2728 equam
853 2668 924 2715 illum
937 2681 982 2728 pro
997 2666 1119 2714 omnibus.

112 2738 143 2784 rot
152 2736 271 2784 omnibus
280 2735 390 2795 bouitas,
397 2736 508 2796 nihilque
515 2738 579 2797 quod
590 2740 639 2785 tam
694 2739 734 2784 55.
746 2739 782 2784 lta
793 2738 840 2784 sibi
850 2738 924 2797 gratis
933 2735 1019 2783 ottieiis
1028 2735 1125 2794 plebem
1135 2733 1197 2781 obli·

112 2804 179 2853 corle
190 2806 308 2853 illabatur
319 2805 434 2852 humanis
445 2806 566 2853 sensibus.
578 2809 610 2853 Ea
619 2809 639 2855 si
665 2808 777 2865 raserat,
784 2805 935 2865 primuru,ut
944 2806 969 2851 in
977 2804 1104 2851 discordiis
1110 2803 1196 2863 populi

112 2873 640 2932 mausuetudinemorumaciaeilitate,tum
666 2876 777 2922 exsulare
797 2875 824 2920 iu
843 2875 942 2920 Hebron
960 2873 1058 2931 mallet,
1077 2884 1151 2932 quam
1169 2875 1196 2919 iu

112 2941 276 2989 moderatione
297 2941 429 3002 precepti,
439 2943 475 3007 =et
497 2941 640 2991 allabilltate
666 2942 819 2989 lllerusalom
831 2952 931 3000 regnare
946 2954 952 2986 :
964 2939 1069 2997 deinde,
1081 2943 1109 2986 ut
1121 2940 1196 2987 otiam

111 3012 242 3071 armonia,
260 3013 394 3060 verborum
410 3013 517 3071 bonore,
535 3013 639 3072 patienti
665 3011 690 3057 in
712 3012 782 3058 boste
800 3010 904 3070 positam
923 3010 1039 3056 virtutem
1064 3008 1195 3067 diligeret:

111 3093 203 3141 qaoque
223 3094 365 3129 sermonum
377 3083 449 3137 vice,
466 3081 640 3142 modestiaeque
663 3078 784 3135 justitiam
795 3078 871 3125 etiam
886 3075 925 3123 liis
935 3076 979 3137 qui
996 3087 1062 3122 arma
1074 3078 1158 3122 eontra
1169 3089 1194 3124 so

111 3149 240 3207 adjuretur
251 3151 344 3210 qratia,
360 3151 507 3198 incredibile
522 3154 639 3210 quantum
667 3149 774 3195 tulerant
786 3161 856 3207 aeqlle
869 3160 896 3194 ae
913 3147 962 3194 suis
979 3145 1139 3206 praestandam
1150 3159 1193 3206 pu

111 3217 259 3275 proceditad
276 3219 402 3265 cumulum
415 3219 560 3265 dilectionis.
667 3217 729 3262 taret
747 3225 757 3261 a·
774 3216 880 3277 donique
907 3216 1065 3263 fortissimum
1088 3214 1193 3262 advorsa

137 3285 175 3334 it).
193 3286 311 3346 Legimus
321 3288 386 3333 enim
399 3299 447 3334 uon
458 3288 536 3334 solum
548 3287 574 3333 iu
589 3286 640 3346 pri·
666 3283 742 3341 partis
752 3284 958 3343 propugnatorem
966 3282 1049 3329 dbner
1059 3283 1145 3330 ducem
1154 3316 1162 3341 ,
1171 3283 1193 3328 et
1289 3330 1294 3339 ,

111 3354 184 3412 vaus,
194 3355 238 3402 sed
250 3355 325 3401 etiam
334 3355 360 3401 in
372 3356 431 3414 ipsis
440 3356 552 3415 regibus,
563 3367 641 3416 quan·
666 3350 813 3398 intercutem
824 3352 906 3410 praelia
918 3352 1021 3399 miratus
1029 3351 1080 3409 est,
1089 3352 1114 3397 et
1123 3361 1193 3396 oran·

111 3423 158 3470 tum
176 3423 285 3471 facilitas
302 3423 397 3470 blaudre
416 3424 565 3471 allabilitatis
584 3436 640 3484 pro-
666 3425 716 3469 tem
735 3420 802 3481 pacis
827 3421 930 3479 qratiam
949 3433 997 3468 non
1019 3421 1195 3480 adspernatus,

112 3491 209 3551 temrit,
221 3493 265 3539 aut
279 3493 395 3552 superbia
405 3493 585 3553 verborumque
597 3494 640 3539 ob·
666 3489 915 3538 bonoravitconrivio
924 3504 930 3536 :
939 3487 1197 3537 interemtumiasidiis

112 3559 179 3608 luerit
190 3562 287 3620 tumor3
295 3563 402 3620 utaequa
408 3560 641 3621 ipsalabetuetaret,
665 3559 743 3607 doluit
753 3559 779 3605 et
795 3557 878 3617 flevit,
889 3558 1052 3619 prosequutus
1067 3557 1197 3615 exsequias

112 3630 134 3675 et
152 3632 301 3689 potestatem
327 3630 443 3677 solveret.
462 3631 516 3675 lam
541 3631 560 3675 si
585 3632 641 3689 quis
665 3628 933 3688 honestavit,mortem
950 3622 1195 3684 ultus,eonscientim

112 3701 220 3759 ronnlio,
234 3712 296 3755 usu,
307 3699 457 3756 ministerio,
470 3699 556 3744 oilielis
565 3711 641 3757 popiu-
666 3698 738 3744 tidem
749 3697 877 3757 prestitit,
889 3708 960 3753 qimau
974 3694 1022 3739 ilio
1041 3694 1105 3739 inter
1118 3694 1196 3741 haere·

113 3766 182 3813 tarem
201 3767 394 3826 comprehendat
413 3767 515 3824 gratiam
534 3781 540 3814 ι
560 3771 601 3813 auu
620 3765 640 3814 si
666 3766 752 3812 ‹litaria
764 3765 819 3823 jaira
832 3763 1006 3822 inarasse-ripsit,
1020 3763 1096 3822 inagis
1108 3763 1195 3810 sollici·
