2632 4784
200 251 245 303 208
593 252 722 301 saner!
742 252 917 299 anbrosii

229 334 269 384 ³6.
277 333 326 383 Sed
334 332 417 383 tabula
428 332 476 382 elsi
484 332 536 382 rim
543 345 593 382 non
600 334 677 382 babel
687 346 732 381 ve·
757 330 1215 395 caterblmmeetlmnlnsripreds.

200 402 294 464 ritatis,
303 402 367 450 banc
378 403 461 449 tamen
471 402 592 450 rationem
603 404 693 463 babet,
703 403 732 451 nt
758 401 799 448 bic
809 401 891 449 lraudi
900 400 953 461 est,
960 412 1020 449 cunr
1029 402 1107 451 mulli
1118 400 1210 463 pem

200 473 221 521 st
232 473 308 534 possit
320 472 400 519 celare
412 484 438 517 se
447 470 487 517 air
496 472 589 530 justus,
602 473 684 520 brnen
696 472 731 518 ita
757 470 882 530 clitari‚si
893 482 944 519 nou
953 468 1080 519 baberent
1089 472 1156 533 guod

200 544 330 602 peceatum
348 540 474 598 dectinet,
490 541 558 599 quasi
577 541 658 588 celare
682 554 731 588 non
758 539 818 585 b'unr
830 539 953 587 industria
961 538 988 587 iu
998 539 1097 588 triam
1106 538 1214 591 renuat

200 612 275 670 possit
286 625 293 656 a
305 622 350 656 nee
358 621 486 668 parmenam
497 622 565 656 snam
577 610 677 657 indutus
689 622 732 657 an·
758 607 886 666 diligentia
897 607 1113 667 reprehenditur?
1130 610 1187 659 ltu·

200 677 299 737 nulum,
309 678 351 723 sed
364 678 439 723 vitam
450 689 518 723 suam
527 678 648 725 Christum
658 677 731 726 indu·
757 675 841 723 dentia
850 674 1028 737 vituperatur!
1042 678 1153 726 Fortuna
1166 678 1229 727 ebur

201 745 731 807 tusabseondat,sicntllpostelusait:Quia
756 744 847 803 loseph
855 744 978 791 frumenta
987 744 1015 792 iu
1022 744 1171 795 abudanlir

199 813 248 859 cita
259 817 339 860 ancistro
350 814 486 861 ‹abscondiln
496 817 528 861 est
540 829 592 861 curn
604 815 696 864 Cbrirlo
706 820 731 861 in
757 812 782 859 in
793 814 895 861 caritate
904 812 1027 862 vendidit.
1036 814 1102 863 Num
1111 814 1186 865 eadat

200 883 258 930 Dru.
276 883 352 929 berno
368 895 424 941 ergo
443 882 484 929 bic
502 882 596 943 fulgere
620 885 730 943 quaerat,
757 894 839 929 emere
848 880 1097 943 compelliturtnum
1106 884 1180 931 risad

199 962 272 998 neum
282 952 327 998 sibi
340 953 449 1011 arroget,
461 965 533 1000 nemo
544 966 570 1000 se
586 953 671 1011 jactet.
683 953 731 1000 b'o-
757 950 1195 1003 emtorilonrnibusdelerlnrerueadl

200 1019 267 1067 lebat
276 1033 302 1067 se
319 1022 427 1069 Christus
438 1022 478 1068 bie
494 1022 620 1082 cognosci,
631 1023 730 1071 nolebat
755 1020 816 1067 nulii
828 1021 950 1081 irrogatur
962 1020 1065 1078 iniuria.

200 1090 328 1148 praedicari
346 1090 372 1136 in
393 1092 524 1150 Evangelio
537 1104 626 1138 nomen
645 1104 729 1154 snum,
784 1087 824 1136 1⁸0.
836 1089 880 1135 llis
892 1088 1101 1149 igiturqnanturn
1111 1088 1213 1151 culnsgm

200 1169 256 1205 curn
273 1160 297 1205 in
316 1159 388 1207 terris
402 1162 560 1207 versareturz
573 1161 643 1208 uenit
656 1163 684 1209 nt
693 1162 730 1208 la·
755 1156 1035 1219 ingeninmdisputatis,
1044 1160 1219 1219 exsurgituiu,

199 1229 265 1276 teret
288 1230 403 1277 seculum
424 1231 481 1276 boc.
503 1231 531 1277 Et
553 1243 597 1277 nos
619 1244 676 1290 ergo
695 1232 730 1279 si·
755 1239 832 1274 cens:
849 1230 915 1275 Boua
931 1227 1036 1287 quidem
1051 1228 1204 1289 agricultum,

161 1344 167 1353 ,
199 1297 254 1343 mili
265 1299 336 1345 modo
347 1299 521 1347 abscondamus
534 1296 611 1346 vitam
623 1302 728 1348 nostram
755 1296 848 1346 tructus
855 1297 981 1345 ministrat
987 1298 1170 1359 omuibusfflua

199 1366 286 1414 Christi
298 1369 427 1427 exemplo,
438 1367 559 1427 fugiamus
572 1367 728 1428 jactantiam,
754 1366 875 1414 industria
883 1366 1023 1414 accumulat
1033 1368 1155 1421 terrarum

200 1434 327 1493 praedicari
344 1448 391 1482 arun
402 1437 582 1495 exspectamus.
593 1436 682 1483 alerius
693 1440 729 1486 est
754 1436 845 1493 talem,
856 1435 920 1483 nihil
928 1434 1068 1495 doli,nibil
1077 1434 1252 1485 iraudiairur'

199 1501 241 1547 bic
258 1514 310 1549 esse
329 1502 354 1549 in
373 1502 527 1559 bumilitate,
545 1501 579 1553 ibi
598 1502 624 1548 in
641 1502 728 1562 gloria.
754 1517 819 1551 rens.
833 1504 945 1564 Denique
954 1505 976 1551 si
991 1504 1053 1564 quid
1065 1504 1123 1551 vitii
1134 1502 1250 1563 lueritffl

200 1571 259 1617 Cum
275 1572 393 1629 claretur,
408 1571 504 1631 inquit,
514 1575 663 1631 appareurit,
676 1575 729 1621 lanc
754 1573 877 1633 dispendii
886 1574 999 1633 esl3quia
1010 1574 1031 1622 si
1043 1568 1251 1633 beneabtluiad¹

199 1641 271 1687 eleos
281 1641 666 1701 narraillouppnrebiliainpleria.
755 1644 863 1701 naverit,
885 1643 974 1691 melius
993 1644 1074 1691 metet
1094 1656 1102 1689 a
1122 1642 1143 1691 st
1161 1642 1249 1689 ιίιαιΙ

429 1741 504 1754 ..-
755 1708 1250 1773 triticigranumsevcrit,puriorenre'n·

364 1808 492 1862 ⁰¹³¹‘0's
512 1808 567 1860 Ἦ·
754 1778 1250 1911 litalaillllliliiia‘bt:

200 1898 730 2005 ¹':isitiiillabffdlatlblababa
755 1920 834 1966 ll⁰¹i⁵
851 1931 908 1977 ³³⁰¹
922 1919 1055 1966 foe¹¹⁰¹³l⁰³
1071 1918 1138 1967 ”¹⁰³
1153 1916 1250 1965 wll*

222 2011 312 2047 lucrum
321 2010 404 2054 captant
412 2018 417 2043 a
426 2006 505 2054 arridae
514 2006 555 2043 illis
564 2007 635 2043 debeat
647 2016 729 2052 respnn·
755 1990 896 2049 prob'enlus.
1202 2036 1207 2041 ,

223 2063 283 2101 uena
301 2061 343 2098 um
359 2060 436 2097 eadem
456 2061 580 2107 nvangarca
596 2061 695 2107 par-anon
708 2065 728 2099 u
784 2056 824 2104 bl.
837 2059 871 2104 be
889 2056 1011 2105 reditibus
1021 2052 1251 2118 tgtturunornprh

222 2116 339 2157 Salenrmris
348 2114 411 2152 etiata
420 2115 460 2152 aab
470 2116 536 2155 oeulis
545 2120 665 2161 ponuntur.
755 2128 897 2185 exspem
906 2126 982 2173 debes
990 2125 1027 2174 tui
1036 2125 1176 2174 mercedem
1184 2118 1252 2177 Μ

230 2197 333 2243 57.b'0n
342 2196 423 2242 vineat
432 2194 507 2252 igitur
516 2195 669 2242 honestatem
679 2196 729 2242 uli·
755 2196 785 2242 de
797 2195 924 2242 fertilitate
941 2194 1040 2255 pinguis
1050 2195 1098 2243 soli
1114 2196 1252 2254 annm

200 2264 271 2321 litas,
289 2262 333 2309 sed
355 2263 469 2308 liunestas
487 2262 621 2309 utilitatem
640 2277 646 2308 r
666 2264 728 2312 banc
754 2262 907 2322 compendia.
918 2264 966 2310 Gur
983 2262 1014 2309 ad
1031 2262 1145 2310 fraudem
1164 2254 1252 2309 merul

199 2334 254 2380 dico
265 2332 411 2389 utilitatem,
422 2344 477 2389 (puae
488 2332 622 2377 aestimatur
639 2345 729 2379 seeun-
755 2336 847 2381 naturae
860 2330 1022 2379 inatustriamt
1033 2333 1081 2379 Cur
1091 2331 1189 2381 invides
1197 2326 1252 2377 nauh

198 2402 257 2448 duan
269 2400 333 2457 uulgi
346 2400 495 2459 opinionem.
504 2400 662 2447 alortilicetur
671 2414 729 2448 ara·
755 2401 881 2448 bominum
891 2400 1004 2461 publicos
1015 2399 1179 2461 partnsttlur
1187 2392 1252 2461 ΜΗ

198 2471 270 2529 ritia,
281 2470 400 2517 moriatur
409 2469 614 2529 concupiscentia.
627 2471 729 2518 Sanctus
754 2470 845 2517 minuis
855 2468 1049 2516 abundantiam!
1059 2471 1110 2517 Cur
1124 2466 1252 2519 abach!

198 2542 224 2586 in
245 2539 438 2599 negotiationem
460 2538 572 2586 introisse
591 2552 617 2586 se
638 2542 725 2600 negal3
754 2537 837 2597 piam?
854 2541 901 2586 Cur
919 2538 998 2598 optari
1018 2537 1079 2586 lacis
1101 2551 1117 2586 a
1136 2534 1252 2599 pauperlh

197 2609 256 2669 qnia
267 2608 401 2668 pretiorum
410 2608 509 2666 captare
521 2607 671 2654 incrementa
680 2621 728 2655 nnn
754 2606 928 2657 sterilitatem?
944 2610 1003 2655 Cum
1024 2607 1092 2655 enim
1111 2621 1161 2657 nun
1175 2604 1252 2656 scala

197 2676 428 2737 simplicitatis,sed
440 2677 553 2722 versutias
567 2677 611 2722 est.
624 2678 653 2722 Et
664 2677 728 2723 alius
754 2675 874 2724 benetieia
894 2677 1074 2735 fecunditatis,
1084 2678 1111 2724 te
1127 2672 1252 2725 auctionart

197 2747 234 2793 ait
250 2759 256 2790 a
270 2749 371 2804 Capturas
389 2745 463 2804 Prelio
482 2745 595 2802 {cernenti
598 2776 607 2800 ,
620 2746 729 2793 maledic·
754 2745 875 2805 pretium,
887 2746 911 2793 te
923 2745 1044 2792 condente
1057 2744 1252 2803 trumentum

198 2822 234 2865 tus
246 2818 269 2861 in
278 2815 340 2873 ,urbe
350 2816 391 2861 eal.
754 2815 806 2860 tant
814 2816 896 2875 potius
903 2815 966 2861 nibil
976 2814 1052 2873 nasci,
1060 2826 1137 2874 quarn
1146 2814 1208 2863 tede
1216 2812 1252 2861 a·

229 2882 267 2929 38.
286 2880 389 2927 Deliuita
401 2881 439 2929 est
456 2881 592 2940 sententia,
604 2882 667 2930 nibil
680 2883 728 2932 dis·
754 2883 851 2942 publica
867 2883 994 2944 negotiari.
1007 2884 1091 2931 rtrnbis
1102 2883 1252 2931 trumentum

198 2951 318 3013 putationi
331 2950 485 3010 relinquens,
501 2952 573 3009 quale
587 2956 728 2999 cointraver·
754 2953 928 3012 indigentiam,
948 2953 1124 3001 alimentorum
1139 2952 1252 3013 penuria!

198 3034 251 3067 suin
261 3032 338 3079 geraus
348 3020 408 3066 solet
417 3019 514 3066 dicendi
524 3032 591 3077 esse,
600 3034 655 3067 eum
666 3022 728 3069 nlius
753 3022 843 3069 uberes
849 3023 893 3068 suli
901 3023 984 3081 partus
991 3021 1143 3079 ingemiscis,
1150 3018 1252 3080 ncspull

198 3088 286 3147 allegat
302 3087 474 3146 agriculturam
492 3088 645 3135 laudabilem
661 3091 726 3149 apud
753 3102 805 3136 eam
819 3090 987 3148 fertilitatem,
998 3090 1088 3137 borrea
1098 3088 1198 3149 frugum
1208 3086 1252 3149 plu

197 3169 281 3203 ursinos
292 3156 391 3214 baberi,
405 3156 497 3204 tructus
514 3159 585 3205 terrae
602 3159 728 3218 simplices
753 3160 874 3219 deploras,
883 3161 995 3219 exploras
1003 3158 1101 3220 quande
1112 3158 1252 3217 steriliores

197 3239 263 3286 esse,
276 3226 330 3285 plin
340 3228 382 3286 qni
393 3226 551 3274 seminaverit
563 3239 592 3274 eo
602 3229 728 3287 probatio·
754 3230 841 3275 sentus
849 3229 893 3286 sit,
905 3228 1001 3289 (gunardo
1011 3227 1101 3275 exilior
1110 3224 1252 3287 partesve

196 3308 249 3344 rem
266 3298 333 3357 tore,
351 3297 478 3344 uberiores
489 3297 584 3344 reditus
601 3298 727 3346 industrias
752 3297 802 3344 tuis
817 3298 908 3357 gaudes
932 3297 1040 3344 arrisisse
1057 3295 1252 3353 maledictun,a

196 3376 244 3410 non
254 3364 374 3423 fraudari,
383 3364 559 3424 negligentiam
569 3364 645 3423 inagis
656 3367 682 3412 et
691 3366 728 3412 in·
752 3365 815 3411 nibil
822 3367 935 3426 cuiquam
941 3366 1092 3413 nasceretur.
1099 3365 1169 3412 Tunc
1176 3372 1252 3411 mesra

197 3431 289 3479 curiam
301 3433 366 3479 ruris
377 3433 464 3479 iarearlti
475 3433 625 3491 reprebendi
637 3434 725 3481 solere.
753 3436 818 3481 tuam
826 3435 923 3482 senisse
940 3435 1041 3491 laetaris,
1053 3436 1110 3481 lunc
1123 3434 1170 3482 tibi
1182 3432 1214 3481 de
1225 3442 1252 3479 aa

227 3500 266 3547 59.
275 3500 361 3558 aravi,
370 3500 465 3559 inquit,
473 3501 616 3560 studiosius,
626 3503 727 3550 uberius
751 3503 821 3550 nium
830 3504 928 3550 miseria
941 3503 1051 3563 corigeris
1057 3516 1118 3563 opes
1127 3517 1134 3548 a
1143 3506 1168 3551 et
1178 3502 1252 3549 barret

195 3567 331 3626 seminari,
349 3568 491 3627 diligentius
517 3571 632 3630 excolui,
651 3571 727 3618 borne
752 3572 896 3619 industriam
920 3585 1013 3629 vocas,
1032 3572 1096 3619 hanc
1126 3566 1252 3631 diligentia

197 3636 284 3695 collegi
295 3638 580 3697 proventus,sollicinus
589 3639 725 3697 recondidi,
752 3638 1252 3700 nolumus,‹paracalliuitansversutiaffl

198 3704 294 3751 serrari
319 3704 439 3764 fideliler,
463 3708 566 3766 proviae
593 3709 725 3757 custodiri.
752 3702 1252 3766 astutialramllsesl3ellrecturemedlu

197 3775 263 3821 lluuc
273 3774 298 3820 in
308 3776 416 3835 ternpore
426 3776 496 3823 laniis
505 3778 596 3837 roardo,
606 3779 727 3827 subvenio
753 3791 838 3835 vocas,
850 3780 912 3837 qumi
925 3779 961 3825 est
974 3778 1143 3825 commentum
1153 3770 1252 3837 nequillt

197 3842 361 3889 esurientibus
379 3856 386 3890 a
407 3844 483 3891 residu
507 3842 659 3893 trumentum
677 3857 726 3893 non
752 3846 916 3893 latrocinium
928 3847 988 3905 boc,
1000 3858 1031 3892 an
1045 3845 1127 3893 loerans
1140 3842 1252 3907 appella

197 3911 320 3971 alienum,
331 3912 373 3961 sed
384 3926 481 3974 menum
498 3926 547 3961 non
566 3914 644 3973 pluris
653 3927 725 3975 quam
751 3915 884 3975 captantur
894 3916 1017 3975 tamquam
1028 3913 1152 3964 latrocinii
1165 3916 1252 3973 temper
