2632 4784
367 411 409 464 na
424 420 527 466 onrru
541 422 732 470 rnnonosrr
747 425 883 471 onsnro.
1124 418 1170 477 let

85 495 518 558 nem,qnlnovitignoseere:etvios
524 502 614 551 Christi
638 503 747 554 abolevit
762 505 834 555 trinas
849 507 988 567 negationis
1002 519 1121 557 errorem.
1136 511 1168 559 bt

86 565 263 627 seqnitur,qui
273 578 346 615 carne
355 570 481 629 suscepto,
492 572 581 619 maluit
588 573 616 619 in
639 573 680 621 bio
690 575 779 623 trinam
790 577 974 637 responsionem
988 578 1010 624 si
1020 579 1170 639 querimus,

86 635 614 700 buncmundumredemptorrenire,guam
640 644 779 693 invenimus
793 659 801 691 t
818 647 913 705 Diioui,
930 648 1042 706 muium
1059 650 1171 698 enoudirt

83 705 171 764 judex.
638 715 753 762 Dominus
770 727 848 762 vocem
863 717 977 764 motionis
991 729 1058 765 mese.
1068 716 1168 778 nitent,

116 774 156 821 ii.
166 773 237 822 Unde
244 776 330 835 pulcre
338 775 467 825 psalmista
478 777 543 825 dixit
553 789 561 824 s
571 779 615 826 lli·
638 782 752 839 quoniam
767 780 897 829 inelinavit
912 793 997 830 aurem
1012 795 1080 830 suam
1090 782 1167 847 milri,

85 844 133 891 lessi
138 877 147 902 ,
158 847 270 904 quoniam
284 849 392 894 exaudiet
408 849 523 896 mutuus
536 862 614 896 uocem
639 849 667 896 ut
677 849 705 896 in
719 848 809 898 diebus
819 850 882 898 meis
893 850 1032 898 invocarem
1045 852 1169 900 eumslli·

85 916 199 962 orationis
206 928 273 961 mee.
286 916 314 961 ln
325 927 373 975 quo
384 917 477 975 psalmo
484 917 542 972 dum
551 917 614 977 legi·
638 917 705 976 leni,
725 918 785 977 qnia
806 917 993 966 tribulationem
1011 921 1038 967 et
1057 919 1168 971 (lolem

85 982 295 1043 tur‚relutipsurn
303 985 466 1032 Theodosium
474 987 613 1046 loquentem
638 985 736 1045 inveni,
745 987 771 1035 et
780 999 824 1047 pro
831 988 931 1035 nomine
942 988 988 1036 liei
995 989 1045 1036 mei
1056 989 1168 1050 pericula

84 1053 232 1100 audivimus.
245 1054 338 1110 iiitrei,
351 1054 432 1114 inquit
440 1067 447 1101 a
456 1067 561 1114 agnosco
571 1067 613 1103 vo-
638 1052 729 1102 intemi
744 1067 793 1103 non
808 1056 902 1116 retugi,
913 1056 956 1104 sed
969 1058 1126 1118 exspectavi,
1138 1058 1168 1109 ot

83 1133 138 1168 cem
153 1121 318 1181 plam,cu1'us
334 1122 475 1169 testimonia
489 1124 558 1170 noeis
571 1135 613 1182 ag·
638 1122 848 1182 comprehendere
857 1125 883 1172 et
891 1124 1003 1172 invenire
1009 1138 1050 1173 me
1057 1127 1166 1187 possent.

84 1201 166 1236 nosco.
178 1190 207 1237 nt
223 1201 282 1236 vere
294 1189 399 1248 dilexit,
409 1190 452 1250 qui
464 1191 547 1240 oilleia
557 1191 613 1238 diti·
666 1190 705 1239 20.
722 1193 752 1240 Et
768 1193 854 1252 putere
872 1194 909 1241 ait
919 1206 926 1239 ι
937 1194 1028 1251 Dilexi,
1044 1195 1102 1255 quia
1115 1194 1167 1254 lam

83 1258 182 1318 gentius
194 1258 321 1317 implerit,
331 1259 374 1318 qui
391 1259 500 1308 serravit
517 1260 611 1320 hostes,
636 1272 734 1309 cursum
743 1262 801 1310 ritae
812 1261 886 1321 liujus
897 1264 1051 1322 impleverat.
1060 1263 1130 1311 Unde
1141 1267 1168 1314 et

83 1328 127 1388 qul
146 1327 236 1374 dilexit
253 1328 378 1386 inimicos,
388 1330 431 1389 qui
449 1329 481 1377 iis
497 1331 611 1390 aquibus
636 1328 764 1388 Apostolus
774 1330 800 1377 in
815 1332 927 1390 passione
942 1332 993 1389 jam
1009 1332 1165 1392 positassti:

63 1391 122 1444 'est
131 1397 271 1456 appetitus,
282 1397 376 1456 ignorit
385 1430 393 1456 ,
403 1398 446 1457 qui
457 1400 525 1457 regni
538 1400 611 1448 attec-
636 1401 759 1446 Certamen
780 1400 866 1449 meum
881 1404 980 1459 certon,
1001 1415 1095 1451 cursum
1109 1416 1167 1451 eon·

83 1468 173 1513 latores
183 1465 265 1526 perire
277 1479 325 1512 uon
341 1469 379 1514 est
389 1478 481 1527 passus.
492 1461 545 1514 lion
560 1480 611 1515 mo·
634 1470 764 1526 nummosi,
780 1469 847 1528 tidem
858 1472 962 1529 servom
974 1471 1036 1530 guod
1050 1471 1167 1532 reliqum

83 1535 185 1593 disseris,
201 1535 244 1583 sed
259 1535 362 1594 perlecti
380 1527 406 1582 i'n
421 1537 485 1596 Lege
499 1549 549 1584 vox
564 1537 610 1586 isto
634 1538 1167 1603 est,reposiloestmibieoronojustitiae.biag·

82 1603 322 1652 eotdieerezililexi.
333 1605 455 1652 Plenitudo
463 1607 525 1653 euim
533 1607 609 1665 begis,
634 1614 680 1651 nus
689 1605 1165 1670 Dominus‚qninoblsdoditcertamina,

82 1673 170 1720 dileetio
186 1675 227 1720 eol.
242 1673 290 1719 Sed
304 1671 364 1731 quid
380 1672 515 1732 dilexerit,
525 1674 610 1722 audla-
633 1673 724 1731 quibus
731 1677 923 1736 mereatur,qui
930 1676 1032 1736 vicerit,
1044 1679 1164 1729 coronari.

82 1741 209 1788 muscum
217 1740 610 1801 taceturgenusdilectionis‚ull·
633 1741 1166 1804 iltioni,inquitconlidens,quoniomexuu-

81 1821 131 1870 qne
141 1809 231 1857 divinae
243 1808 352 1855 caritatis
362 1808 439 1868 gratia
450 1810 608 1870 significatur,
633 1808 678 1855 diet
686 1812 800 1862 Dominus
810 1824 889 1858 nocam
897 1814 1009 1861 ordilonis
1020 1827 1085 1861 meoe·
1159 1856 1163 1867 .

81 1890 131 1939 qua
149 1878 274 1937 diligimus
292 1877 372 1935 iilud,
391 1876 458 1936 quod
478 1878 517 1924 est
534 1890 610 1938 super
663 1876 918 1937 2l.1>tlexi,etidoo
934 1879 1165 1931 inelinavitonrem

81 1948 163 1994 omnia
182 1946 356 1994 desiderabilia
376 1944 556 2005 desiderabile,
578 1947 608 1995 de
632 1955 701 1992 snam
710 1946 958 2006 milri3ntjaoente1n
969 1943 1165 2010 erigeret,‘mor·

81 2029 132 2078 quo
148 2017 266 2077 seriptum
287 2017 324 2064 est
345 2027 352 2061 s
375 2016 462 2075 diliges
480 2017 608 2066 Dominum
633 2013 703 2061 tuum
720 2014 886 2063 resuscitaret.
902 2017 953 2064 lton
965 2017 1032 2064 enim
1045 2018 1113 2067 Deus
1124 2019 1164 2068 in·

80 2090 243 2136 Deumtuum.
633 2082 708 2131 elinat
717 2086 928 2143 suremsunm,ut
938 2085 1023 2134 audiat
1031 2088 1164 2148 corporali·

112 2157 351 2215 isergodiseedeos
363 2170 377 2205 e
388 2156 608 2217 terrispiannima,
633 2155 692 2200 ter:
711 2154 755 2202 sed
772 2157 800 2203 ut
819 2154 997 2203 condescendat
1014 2157 1098 2217 nobis,
1114 2171 1164 2220 gno

80 2228 108 2275 et
123 2228 204 2274 sancto
219 2227 313 2286 repleta
325 2227 435 2287 Spiritu,
449 2227 519 2288 quasi
530 2227 608 2274 inter-
632 2235 676 2269 nos
701 2222 787 2271 audire
812 2224 944 2284 dignetur,
967 2226 993 2272 et
1014 2225 1164 2277 intirmlintis

80 2296 221 2355 rogantibus
242 2295 285 2352 iis,
304 2296 347 2355 qul
366 2295 413 2342 sibi
432 2298 607 2356 occurrerunt,
632 2291 719 2339 nostrae
727 2293 1163 2355 relevaresubstantiaminclinatse

79 2377 137 2412 enm
147 2377 199 2413 sese
210 2365 240 2412 ad
251 2364 367 2412 sublimia
379 2365 405 2411 et
413 2376 519 2423 superno
528 2365 609 2412 subri-
632 2360 716 2421 nobis,
728 2363 844 2410 utnostrn
856 2363 953 2410 adeum
965 2363 1099 2413 adscendet
1108 2377 1164 2432 oro-¹

79 2421 165 2495 geret,
174 2434 273 2482 dicebat
285 2447 291 2480 :
303 2435 391 2482 Dileei.
408 2432 474 2481 itihil
492 2432 537 2481 lroe
554 2434 608 2492 ple·
632 2430 756 2485 tiosvoee
772 2444 823 2478 non
838 2431 946 2492 indiget,
966 2432 1010 2492 qui
1024 2433 1164 2484 misericor·

79 2502 149 2563 ntus,
168 2503 232 2550 nibil
254 2503 402 2561 expressius.
422 2501 608 2560 interrogabant
632 2499 796 2559 diamdelert;
809 2512 887 2561 neque
897 2501 964 2548 enirn
973 2514 1033 2550 voee
1042 2501 1163 2566 indiguit,

78 2573 167 2632 Angelt
182 2573 223 2621 rel
240 2571 383 2630 Archangeli
395 2584 402 2617 z
413 2569 480 2629 Quid
495 2571 606 2629 egisltin
631 2568 675 2628 qul
685 2569 766 2616 Mosen
777 2570 899 2617 tacentem
910 2569 1007 2617 audivit
1017 2583 1023 2616 τ
1033 2571 1058 2618 et
1068 2583 1117 2620 non
1127 2571 1164 2621 Ιο-

78 2639 167 2689 terris?
177 2642 328 2690 occultorum
340 2641 407 2701 enirn
417 2640 482 2687 solus
497 2641 608 2699 cognitor
631 2640 761 2697 quentem,
784 2638 827 2685 sed
844 2638 1047 2698 interpellantem
1062 2640 1163 2701 gemiti·

78 2711 155 2759 Deus.
168 2712 283 2768 Dicebat,
292 2712 371 2758 Ditesi
376 2726 384 2770 ,·
396 2710 442 2756 lroc
453 2709 491 2756 est
501 2709 585 2758 dicere
598 2724 605 2756 ι
632 2706 677 2753 bus
687 2707 855 2755 inettnbllibus
865 2707 930 2756 adse
941 2707 1047 2756 clamare
1054 2708 1161 2759 dicebat.

78 2781 169 2841 Legem
188 2780 288 2839 implevi
298 2812 306 2837 ,
316 2780 474 2838 Evangelium
485 2791 533 2826 non
544 2792 607 2839 prae-
631 2776 702 2823 liorit
716 2777 782 2825 Deus
798 2777 824 2824 et
839 2777 984 2838 sanguinem
1001 2776 1103 2839 andire,
1119 2780 1162 2829 eol

77 2848 170 2907 tertvi3
187 2850 232 2896 boc
250 2851 287 2897 est
302 2849 384 2896 dicere
401 2847 491 2895 :Morti
508 2860 548 2896 me
562 2850 607 2897 ob-
630 2847 699 2893 nuila
710 2859 760 2893 vox
769 2846 868 2906 subest,
879 2846 963 2905 lingua
974 2859 1024 2894 non
1034 2848 1161 2908 suppetit:

77 2918 141 2978 tull,
151 2920 176 2966 el
184 2921 232 2966 toto
243 2920 277 2967 die
287 2920 414 2966 estimatus
423 2931 476 2966 sum
489 2920 548 2966 sicul
558 2921 606 2968 osis
631 2915 674 2963 sed
688 2916 786 2974 accepit
801 2927 888 2963 vocem
900 2928 974 2964 sacras
985 2916 1059 2964 titulo
1070 2917 1163 2978 passio·

78 2989 206 3038 mnenon.
222 2989 251 3035 Et
267 2987 323 3036 ideo
338 2988 447 3046 conlido,
463 2990 520 3050 quio
533 3002 606 3050 segue
630 2985 678 3032 nis.
688 2984 808 3033 Clamavit
823 2984 851 3032 tn
862 2987 996 3046 martyrio,
1007 2987 1123 3037 clamarit
1134 2987 1163 3038 in

78 3071 156 3116 mors,
172 3072 244 3119 neptae
257 3060 321 3115 vilo,
331 3071 405 3118 oeque
421 3059 517 3118 Angeli,
532 3072 606 3119 oeque
630 3055 775 3115 parricidio,
786 3055 852 3114 quod
865 3054 1021 3115 pertulitpro
1032 3055 1161 3107 sustineto.

80 3128 196 3183 Virtutes,
210 3140 284 3187 neque
298 3127 410 3182 altitudo,
426 3139 499 3186 neque
508 3129 606 3185 motuis·
660 3123 700 3172 22.
717 3125 809 3180 Diioui,
826 3123 923 3183 inquit,
942 3125 967 3171 ei
985 3123 1041 3172 ideo
1056 3124 1163 3185 diligens

77 3197 231 3256 dumosque
242 3196 558 3253 creeturnuliopolerilnos
571 3209 607 3242 se·
632 3192 678 3238 teci
699 3193 850 3238 voluntatem
868 3191 983 3249 Domini,
1002 3193 1028 3239 et
1047 3193 1163 3245 invocari

76 3276 187 3322 pererro
197 3266 295 3311 caritate
305 3264 362 3318 liei,
371 3273 423 3321 que
434 3261 466 3307 esi
476 3261 502 3307 io
514 3261 606 3308 Cluuio
631 3270 744 3306 eumnon
752 3257 777 3303 in
786 3257 884 3317 paneis,
893 3258 936 3304 sed
945 3258 971 3303 in
982 3258 1098 3306 omnibus
1107 3260 1162 3307 dle·

77 3334 133 3380 desu
143 3335 242 3380 Domiim
253 3335 344 3379 nostro.
631 3329 676 3376 bus
685 3327 743 3375 rilae
754 3339 824 3374 meas.
836 3327 895 3373 liam
908 3327 983 3373 certis
995 3325 1082 3374 diebus
1093 3328 1162 3378 inre·

108 3401 147 3449 lo.
168 3402 218 3448 llos
235 3401 375 3447 mandatum
392 3398 465 3458 Legis
484 3397 559 3445 etlam
579 3399 605 3446 in
631 3410 695 3455 care,
703 3409 751 3443 non
759 3395 1041 3456 omnibus‚tsstidientls
1049 3397 1161 3457 est,non

77 3470 207 3530 Evangelio
229 3470 347 3516 Dominus
367 3469 437 3515 iesus
459 3466 531 3513 docet
552 3479 605 3515 esse
630 3465 751 3526 sperantis
763 3478 770 3510 ε
783 3466 807 3512 el
819 3468 917 3525 pro'usu
927 3462 1085 3512 attinentium
1095 3477 1162 3536 eomf

76 3542 236 3598 servendum,
248 3554 303 3588 eum
315 3541 377 3587 dicit
392 3538 423 3586 ad
437 3539 536 3585 Petrum
549 3551 555 3584 :
567 3541 605 3586 si·
630 3536 776 3593 modorum,
801 3536 942 3584 mercedem
963 3534 1097 3595 gratiarnm
1118 3549 1162 3597 req

75 3626 132 3662 mou
148 3613 279 3668 tetraonis,
295 3612 371 3670 diligis
387 3608 439 3656 niel
460 3610 485 3656 et
502 3608 546 3655 ille
565 3621 606 3657 re·
631 3604 710 3663 terre,
730 3617 780 3652 non
798 3617 841 3664 pro
857 3605 995 3653 devotionis
1015 3604 1115 3654 ellectu.
1131 3607 1165 3671 lit

75 3681 188 3742 spondit:
200 3683 236 3727 i'u
244 3683 300 3736 scis,
309 3681 422 3734 Densius,
433 3679 566 3739 quiadiligo
575 3681 605 3727 te.
631 3674 686 3721 ideo
695 3674 782 3721 Paulus
791 3686 798 3719 s
807 3676 835 3721 lu
846 3673 1161 3734 osouibus,inquit,grotias

76 3753 106 3800 nt
120 3751 210 3797 iterum
226 3749 290 3796 dirit
301 3763 307 3793 ι
319 3751 400 3795 Simon
411 3748 541 3804 lobannis,
552 3749 606 3795 diii-
630 3743 806 3804 ogite.Qnando
817 3743 883 3789 euim
894 3755 942 3790 non
951 3743 1097 3802 habesquod
1105 3744 1161 3796 Deo

75 3824 109 3883 gis
129 3819 182 3866 sne?
201 3819 330 3866 etiterum
347 3816 475 3876 respondit
491 3818 604 3874 sillium,
630 3809 734 3860 debeast
750 3814 791 3859 aut
809 3812 906 3872 qnando
921 3812 975 3886 sine
991 3810 1037 3858 Del
1056 3824 1160 3862 munere

75 3890 190 3944 Domine,
202 3890 227 3934 tu
237 3890 282 3935 scis
292 3889 347 3946 quio
362 3886 431 3945 diligo
442 3888 475 3933 le.
486 3885 516 3930 Et
532 3885 605 3933 tertio
630 3895 669 3941 es,
681 3882 721 3928 cul
732 3880 841 3940 qnotidie
852 3878 952 3925 vivenda
962 3890 1019 3925 usus
1030 3891 1044 3924 a
1054 3879 1162 3952 'Domino

75 3959 240 4015 interrogatus
262 3957 297 4002 att
316 3970 321 4001 :
343 3958 459 4012 Dorniue,
480 3955 561 4001 omnio
579 3956 605 4001 tu
629 3948 685 4006 est?
700 3950 759 4010 Quid
777 3951 839 3997 enim
854 3948 939 4005 trebes,
957 3949 1017 4008 quod
1031 3961 1079 3994 ooo
1093 3961 1160 3996 oece-

73 4028 133 4082 scis,
144 4027 169 4073 tu
184 4026 244 4071 nosti
259 4026 316 4083 quia
334 4037 388 4070 orno
405 4026 435 4071 te.
448 4021 604 4069 confirmavit
627 4019 682 4078 pisti
686 4016 697 4063 i
709 4018 770 4078 Ergo
778 4017 836 4078 quia
844 4028 942 4078 semper
949 4017 1160 4076 aceipis‚sernper

74 4096 159 4155 itaque
178 4092 305 4141 coniurent
323 4091 387 4139 trina
407 4089 545 4150 responsio,
563 4090 604 4139 vel
630 4089 716 4138 invoca
730 4100 737 4134 ε
749 4087 918 4150 etquiaqnod
929 4086 1019 4146 hebes,
1030 4098 1045 4133 a
1056 4058 1166 4137 1)οωίηοῖ

186 4161 210 4209 is,
1022 4153 1046 4195 is
