2632 4784
385 356 813 414 nrrstousn'urriuissisr.
1097 359 1141 413 lei

52 443 591 512 'rinussermoiilrleqlmnsdistributionem
615 447 859 498 intirmloresmluus.
869 449 953 498 crida
965 448 1032 498 euim
1042 450 1145 511 equilis

61 518 151 567 tactam
159 517 322 579 persingulas
331 517 438 577 animas,
449 518 478 566 nt
489 515 591 578 equalis
615 517 717 579 singuiis
728 518 863 579 dividitur,
874 517 994 566 redemtio
1009 517 1144 576 dimdltur,

61 585 133 634 tieret
143 584 242 634 divisio.
253 585 284 632 ut
294 585 445 645 collegerunt
455 584 591 633 secuudum
615 585 706 633 donum
716 585 846 635 dividitur.
854 587 939 647 Neque
954 587 1038 647 piures
1047 585 1145 647 oportet

61 652 591 714 dispositionemldoysi,quiplurimnm,et
616 655 779 715 esse,uequis
789 653 973 716 vacuusspeiet
983 653 1144 703 redemtionis

61 723 105 782 qui
119 722 249 770 minimum
261 722 308 771 :et
323 733 463 770 mensuram
478 720 591 768 iecerunt
615 721 722 770 recedet.
742 722 828 772 Plures
848 723 923 782 snut,
944 723 1041 784 quaudo
1066 721 1146 783 aliqui

60 790 592 852 nomer,etuonabundarit,uecsupertuit
616 792 687 836 extra
704 801 835 838 numerum
854 791 913 839 sunt
931 797 943 837 'r
962 791 1041 839 uncti
1059 792 1146 840 eutem

62 859 102 919 ei,
112 861 156 922 qui
166 859 288 920 multum,
299 859 325 906 et
335 859 360 906 ei
375 859 418 919 qui
436 858 532 917 minus,
541 870 591 906 nou
615 859 738 907 numerati
749 862 912 920 suntomues,
920 861 1035 922 eteapilli
1043 871 1145 920 eornm

62 928 149 978 deluit.
161 928 335 990 Unusquisque
350 929 417 976 enim
432 939 477 988 pro
488 939 591 975 numero
616 928 973 990 coqnovltenimllominusqui
982 928 1145 990 s'uutipsiusr

62 997 213 1057 animarum,
227 998 271 1058 qui
288 996 355 1058 apud
372 1009 399 1045 se
410 997 463 1044 erat
473 997 500 1044 lu
510 998 592 1045 taber·
616 1003 696 1057 neque
711 998 852 1058 pauciores,
863 1011 895 1046 ne
908 999 1077 1059 magnitudine
1088 1008 1146 1058 crn-

62 1066 171 1126 nsculis‚
187 1066 341 1126 collegerunt
351 1077 396 1124 per
406 1064 501 1124 sintela
511 1066 591 1127 cupita
616 1065 656 1113 tine
666 1066 700 1113 sit
714 1065 744 1112 ad
754 1065 924 1126 recipiendum
939 1067 1066 1115 infirmior.

62 1145 159 1193 qomor,
176 1133 203 1191 id
220 1136 271 1193 est,
286 1144 427 1182 mensurum
444 1133 511 1192 rint,
526 1134 591 1184 sicut
647 1132 685 1181 iti.
697 1134 791 1182 titides
799 1146 883 1183 omnes
892 1135 1059 1196 equalitatem
1068 1135 1147 1184 devo·

62 1202 137 1250 babet
151 1201 333 1263 interpretatio.
616 1201 727 1250 tioniset
737 1202 795 1250 tidei
806 1203 904 1251 deterre
914 1202 1073 1264 praecepitei
1088 1215 1146 1264 pas·

92 1269 256 1319 distantem
264 1281 378 1318 mensura
386 1270 591 1332 nolentisqu-
616 1271 662 1319 cbe
689 1272 803 1333 Domini,
824 1272 851 1320 id
877 1273 928 1333 est,
950 1273 980 1321 ad
1000 1273 1143 1321 transitum.

61 1338 83 1387 si
107 1350 181 1399 supra
200 1350 340 1386 mensuram
361 1339 409 1397 sit,
430 1341 515 1399 nocet3
534 1340 591 1400 quia
615 1339 800 1388 Paschaautem
815 1341 1065 1402 est,quandouuima
1080 1341 1145 1389 irra-

62 1408 180 1467 scriptum
195 1403 233 1455 est
243 1420 250 1453 =
262 1409 318 1456 Noli
326 1421 373 1456 esse
382 1409 482 1455 muitum
491 1409 591 1468 romeus.
616 1409 758 1456 donabilem
776 1409 878 1471 deponit
892 1411 1048 1471 passionem,
1068 1409 1147 1459 sumit

63 1477 91 1524 lit
112 1476 202 1524 Paulus
227 1476 311 1524 docuit
331 1476 468 1525 secundum
491 1487 592 1525 mensu·
616 1477 698 1525 sutem
710 1477 799 1526 bonam
815 1480 1024 1538 contunsionem
1040 1481 1146 1527 uteom·

61 1552 116 1591 ram
135 1544 188 1592 deri
199 1542 346 1592 divisionem
364 1545 514 1604 gratiarum,
534 1555 591 1592 cum
615 1545 723 1604 pelletur
736 1547 844 1607 cbristo,
863 1548 889 1597 et
906 1548 1038 1596 transitum
1048 1547 1103 1608 ejus
1117 1548 1146 1595 in

62 1612 123 1659 dicit
134 1625 141 1658 ε
154 1614 345 1675 Qntnunicoiquc
352 1614 424 1660 detur
433 1613 591 1671 manifestatio
616 1624 643 1660 ss
660 1615 794 1676 suscipiat,
816 1618 845 1665 ut
865 1616 988 1665 indebitos
1007 1616 1034 1664 iu
1054 1628 1099 1676 ee,
1118 1615 1146 1664 et

61 1683 156 1742 terminu
168 1683 199 1729 od
211 1682 347 1741 utilitatem,
364 1682 490 1728 sitiremus
501 1682 592 1739 sepien-
616 1681 766 1742 deambulet,
772 1685 798 1730 et
808 1683 851 1732 tint
861 1686 916 1744 elus
924 1686 999 1733 Deus.
1004 1685 1088 1732 Gratis
1099 1685 1147 1733 lu-

62 1750 372 1807 emolumentorum,
383 1749 489 1806 uliifidcs
500 1751 592 1806 snuics·
616 1760 663 1807 que
684 1751 784 1809 mqualis
800 1763 845 1810 per
860 1753 1046 1812 omues,rirtns
1060 1753 1145 1801 sutem

62 1819 103 1866 tie
112 1818 376 1879 manutenemus
389 1816 515 1863 umectum
526 1826 593 1861 eum·
616 1817 713 1864 diversa
728 1818 754 1865 in
769 1818 879 1876 singulis.
895 1820 1069 1880 Unusquisque
1084 1832 1145 1882 erqo

62 1887 115 1933 dem
126 1888 247 1947 spiritum,
260 1887 315 1944 tides
325 1882 441 1932 incedens
457 1884 555 1944 spiritu3
566 1883 592 1930 et
616 1886 752 1946 portionem
772 1888 953 1948 competentem
974 1889 1026 1935 suls
1046 1888 1145 1937 uiribus

63 1954 140 2003 dividi
152 1967 206 2002 eam
216 1955 318 2016 gretiam
329 1952 465 2001 secuudum
475 1951 592 1999 volunta·
617 1960 704 2013 sumet,
711 1967 743 2003 ne
753 1956 795 2003 aut
805 1955 890 2004 fertior
897 1955 1017 2018 indigeat,
1028 1957 1072 2004 aut
1081 1968 1143 2006 oue

63 2026 116 2071 tem
126 2024 241 2084 Spiritus.
259 2023 329 2082 Quod
347 2021 451 2081 diuidit,
470 2019 593 2080 equitatis
616 2025 686 2071 retur
695 2023 823 2072 intirmlor.

64 2093 101 2140 est
112 2105 120 2139 r
131 2093 195 2154 quod
206 2088 592 2140 nutemsecundumroiuutatern
648 2086 686 2138 ii.
707 2092 789 2140 ilabes
810 2092 857 2141 hoc
876 2094 903 2142 in
920 2095 1068 2156 liranqelio,
1085 2096 1145 2159 quis

64 2173 131 2209 suam
149 2161 251 2220 dividit,
270 2154 406 2222 potestatis‘.
426 2158 470 2205 Vel
493 2157 552 2216 quie
567 2156 593 2204 id
616 2172 711 2208 merces
731 2161 832 2222 equalis
858 2162 972 2211 omnibus
992 2164 1096 2214 solvitur
1116 2165 1146 2214 itt

64 2230 126 2279 velit
141 2231 276 2290 unicuique
291 2227 417 2288 contuse,
427 2225 493 2287 quod
507 2225 592 2287 proin·
617 2229 690 2276 vinea
700 2229 886 2278 laborantibus}
897 2231 941 2279 sed
954 2231 1027 2292 pauci
1045 2232 1076 2280 ud
1086 2232 1145 2281 bra-

63 2299 145 2346 turum
155 2300 262 2348 noverit.
616 2297 699 2358 rium,
714 2298 786 2359 penei
804 2298 834 2347 nd
847 2311 960 2347 eoronam
976 2300 1144 2361 perveniunt,

94 2369 117 2417 7.
129 2370 218 2416 Gomon
228 2381 285 2429 erqo
296 2378 410 2415 mensura
421 2364 471 2426 est,
482 2365 508 2414 et
521 2376 594 2413 men·
618 2367 687 2425 pauci
699 2366 784 2414 dicent
795 2381 802 2413 ε
812 2369 919 2428 ltrporitn
936 2371 970 2417 est
984 2369 1044 2417 milri
1056 2382 1146 2418 coros·

64 2448 120 2484 sure
138 2438 205 2496 vini,
220 2437 285 2497 quod
301 2434 409 2482 laetiiicut
419 2447 461 2482 eor
475 2434 593 2483 bominis.
613 2435 720 2493 iustitie.
733 2436 787 2483 Aila
799 2437 836 2483 sst
846 2437 913 2483 enim
929 2448 1024 2484 merces
1033 2436 1145 2485 iiberali-

64 2507 129 2565 Quid
139 2508 222 2553 autern
232 2507 279 2552 nisi
291 2505 419 2563 sapientise
430 2503 594 2562 potusJucuu·
618 2503 675 2551 tutis
690 2504 716 2550 ei
732 2504 830 2563 gratim,
850 2503 917 2551 aliud
934 2504 1035 2553 virtutis
1049 2504 1145 2566 supse-

64 2576 129 2623 dilns
143 2574 222 2621 cordis
234 2572 285 2620 esti
302 2574 352 2618 llos
364 2572 401 2618 est
417 2571 479 2617 iliud
492 2571 593 2631 vinum,
618 2570 700 2631 diurn,
710 2572 801 2619 laboris
816 2572 991 2620 remuneratio.

64 2645 130 2705 quod
145 2642 244 2689 miscuit
259 2643 284 2687 in
302 2642 397 2687 cratere
414 2639 557 2699 Sapientis,
568 2641 593 2687 et
649 2639 687 2687 ie.
699 2642 760 2700 Ergo
771 2639 940 2688 didrachmum
955 2639 1077 2691 redemtio
1091 2644 1144 2702 est,

64 2711 136 2759 oilert
157 2709 304 2767 bibendum,
326 2708 356 2755 ut
376 2719 502 2754 sumemus
521 2709 594 2757 nobis
618 2709 693 2757 immo
710 2708 839 2756 dimidium
863 2709 1009 2757 didrachmi.
1029 2706 1145 2760 Redemit

64 2777 222 2826 sobrietatem
240 2778 265 2824 et
281 2776 439 2836 prudentiam
458 2788 465 2822 r
482 2776 548 2836 quod
564 2784 593 2825 ea
618 2778 1143 2841 autemnosamorte,reeenuassrvituts;

65 2845 205 2906 aequalitate
215 2844 352 2893 transiendi
370 2844 466 2904 oportet
480 2845 594 2893 sensibus
617 2859 649 2894 ne
667 2846 773 2906 subiecti
790 2847 867 2895 simus
877 2848 986 2908 mundo,
997 2849 1039 2896 cui
1052 2862 1146 2899 nnun-

65 2918 92 2962 et
110 2913 296 2974 cogitationibus
316 2913 422 2971 nostris,
438 2913 464 2960 et
479 2913 593 2961 omnibus
618 2915 743 2963 tiarimus.
755 2913 825 2961 Unde
843 2915 961 2963 Dominus
975 2915 1002 2963 in
1012 2916 1146 2978 Brnnqelio

64 2983 185 3042 motibus,
195 2982 238 3041 qui
253 2983 316 3029 intre
330 2981 393 3028 lianc
413 2981 521 3028 nostram
536 2983 593 3029 sunt
617 2984 679 3031 dicit
694 2983 725 3031 ad
743 2984 859 3044 Petrum,
873 2985 902 3032 ut
920 2983 994 3032 radat
1010 2985 1043 3033 ad
1060 2998 1144 3047 ruere,

65 3052 176 3110 domum;
197 3053 225 3098 ut
252 3052 358 3098 sciemus
376 3061 447 3110 posse
467 3050 593 3099 abundare
617 3053 698 3100 mittat
709 3052 807 3100 murum
817 3085 825 3112 ,
835 3053 898 3100 etin
908 3065 950 3101 ore
966 3053 1040 3112 oiseis
1055 3055 1146 3104 inven-

65 3119 192 3178 omnibne,
204 3119 308 3167 deiicere
321 3117 393 3164 nulli.
618 3123 671 3169 tum
678 3121 796 3168 staterem
806 3120 895 3178 sumat,
901 3122 927 3167 et
933 3121 976 3168 det
985 3134 1030 3181 pro
1040 3123 1147 3173 Domino
1192 3112 1198 3121 ’

95 3189 121 3235 8.
131 3188 230 3234 Plenius
240 3188 324 3233 autem
334 3185 365 3232 de
375 3184 493 3245 sanquine
505 3187 593 3234 christi
618 3191 644 3236 et
660 3199 704 3247 pro
719 3199 748 3235 se
761 3187 916 3245 exigentibus
931 3188 1081 3237 didrachma.
1093 3191 1145 3240 line

67 3256 228 3318 intelligitur,
240 3255 310 3312 cuius
318 3253 348 3300 ud
362 3254 463 3311 qratiam
474 3254 538 3301 nihii
549 3255 595 3301 mi·
619 3256 656 3303 est
666 3255 741 3313 iqitur
754 3253 913 3313 didrachma,
923 3254 988 3314 quod
999 3255 1148 3315 exigebatur

66 3326 170 3383 unitur,
192 3324 255 3370 niiril
271 3322 421 3381 adiungitur.
432 3322 492 3368 Etsi
508 3334 594 3381 parum
618 3322 752 3371 secundum
774 3323 865 3381 Legem
884 3333 890 3367 ε
908 3322 953 3369 sed
972 3333 1021 3370 nou
1039 3323 1147 3374 debebat

67 3408 163 3451 sumas,
175 3395 201 3441 et
210 3394 231 3439 si
241 3391 376 3452 plurimum
387 3391 497 3448 haurias,
509 3390 595 3438 eadem
619 3391 681 3439 illud
691 3390 888 3452 flliusreqis,sed
896 3391 1145 3450 nlienus.Quideulm

68 3464 180 3524 perfecte
197 3462 234 3510 est
245 3460 358 3509 omnibus
374 3469 487 3507 mensura
498 3458 595 3506 redem-
619 3474 644 3509 se
660 3461 769 3508 Christus
786 3460 919 3507 redimeret
934 3460 965 3507 nb
979 3459 1026 3508 hoc
1040 3461 1145 3522 mundo,

67 3533 152 3580 tionis.
618 3530 661 3589 qui
676 3528 1062 3588 veneraiutioiieretpeceeium
1073 3541 1147 3576 muu-

97 3601 121 3647 9.
138 3599 228 3646 Pasolra
243 3609 340 3659 quoque
355 3596 466 3655 Domini,
482 3596 529 3644 hoc
541 3595 594 3654 est,
620 3594 659 3643 dii
669 3595 732 3654 Quid
744 3609 770 3643 ee
787 3607 802 3642 a
819 3598 919 3656 peccato
935 3595 1084 3657 redimeret,
1101 3596 1146 3658 qui

67 3679 158 3728 equum
174 3668 208 3713 ila
224 3668 306 3726 patres
316 3666 410 3725 cpulari
425 3665 558 3723 iubentur,
567 3666 595 3712 ut
619 3664 790 3724 descenderat,
800 3666 828 3711 ut
838 3665 951 3712 omnibus
966 3666 1095 3725 peceatum
1105 3663 1146 3713 di·

67 3735 203 3785 secundum
214 3747 342 3783 numerum
351 3734 487 3781 animarum
494 3734 596 3792 epulen·
619 3730 1145 3791 mitteretiQuidseredimereiaserritute,

68 3807 109 3853 tur
118 3816 231 3862 suarum,
241 3815 323 3863 neque
334 3804 431 3863 plures,
442 3814 523 3862 neque
534 3814 595 3860 pau-
619 3803 661 3865 qui
672 3816 698 3850 se
711 3801 889 3860 exinaniverat,
900 3804 1058 3851 utuuirersis
1068 3802 1145 3849 iiber-

67 3878 147 3926 ciores
159 3891 165 3922 :
180 3889 260 3936 neque
271 3876 326 3924 aliis
334 3877 388 3935 plus
399 3875 450 3922 duri
463 3874 536 3932 ,aliis
548 3874 595 3921 mi·
620 3870 1144 3929 tatemdaretiQuldseredimeretnmorte,

67 3955 124 4000 nus,
134 3942 178 3989 sed
188 3940 594 4001 secundumnnimassinquiorum
619 3939 662 3999 qui
678 3951 777 3986 earnem
793 3940 948 3999 susceperat,
966 3938 994 3986 ut
1009 3938 1087 3984 morte
1101 3946 1145 3984 sua
1218 3986 1222 3993 ,

68 4022 102 4061 no
122 4009 164 4058 sut
176 4010 287 4057 tortiores
306 4010 411 4070 amplius
426 4009 536 4065 sument,
552 4007 595 4056 aut
619 4007 732 4055 omuibus
743 4007 948 4056 resurrectionem
958 4001 1115 4066 acquirenti
