2632 4784
388 534 634 580 nris'rotniitttn
648 534 782 579 cnissts
798 534 815 578 Ι.
1097 528 1142 576 511

57 623 102 673 icit
111 621 193 671 onirrn
201 616 267 678 ejeci
277 616 336 665 itam
347 628 404 664 cnm
418 617 522 665 otiorum
538 614 589 663 ani-
613 614 766 662 doliteacnnt.
777 612 1142 674 tiihiicrqopruludicatperu·

61 704 114 739 mur
128 688 257 751 peccatum
271 686 376 734 transeat
394 684 506 747 (terrum
521 684 589 732 enim
613 682 1139 745 nia,qumpierumqneatiridominoaomttr

60 764 190 821 peecatum
206 759 259 816 ert,
275 756 340 817 quod
355 758 393 805 est
409 754 588 817 penetrabile)
613 753 677 800 nihil
688 753 777 801 tabuioe
787 751 1054 812 ouctionaioo,qutbno
1062 754 1141 802 emtor

61 828 151 890 tosepir
160 825 331 875 sanctionima
342 824 376 872 ita
384 837 432 872 non
441 824 522 883 patuit
532 836 590 884 pec·
613 820 756 881 frequenter
765 820 919 879 adjudicatur
926 823 1000 883 atque
1007 820 1140 871 addicitur.

61 899 130 956 cato,
145 897 174 944 ut
184 894 262 954 maqie
271 896 401 954 peccatum
412 893 466 953 ipsa
476 894 590 952 penetra·
613 891 784 939 connuncrus
793 901 848 939 nore
859 891 938 939 mutat
947 903 1036 949 penno,
1046 902 1093 939 nec
1102 904 1142 940 ea-

61 961 590 1024 ret.Deniquenocherittrdtecetrrcetiexur
614 957 715 1017 pientio
725 958 865 1006 libertatem
873 957 970 1007 adimit.
981 959 1094 1020 Denique
1104 959 1142 1008 ta-

62 1035 99 1083 eet
106 1033 281 1091 delinimento,
292 1044 339 1079 nec
346 1031 470 1079 immerito
480 1029 590 1078 tiummae
613 1028 680 1081 muto
691 1026 796 1089 rapienti
808 1029 897 1089 mutii,
915 1030 943 1076 ut
956 1029 1073 1088 reriptum
1089 1030 1139 1092 ert,

61 1100 323 1159 nonoenritiibidinis3
335 1099 589 1160 qaiamatorodtrinm
612 1097 725 1144 centuni
742 1097 816 1144 liberi
832 1110 840 1144 ε
858 1098 885 1145 et
895 1099 932 1145 eet
946 1110 1032 1145 servus
1046 1097 1142 1147 inteili-

61 1170 179 1230 tinqrabet
194 1170 281 1217 ardore
295 1169 390 1229 qratia.
408 1168 479 1216 Unde
497 1170 524 1215 et
543 1168 589 1215 troc
613 1177 690 1226 zeno,
700 1165 744 1227 qui
754 1167 823 1225 repat
832 1165 943 1214 dominos
953 1166 1048 1215 stultoe.

62 1239 148 1300 putere
155 1238 187 1286 de
194 1251 225 1286 eo
231 1238 326 1286 dictum
336 1239 375 1285 est
386 1250 393 1283 r
404 1239 465 1298 Quia
473 1237 590 1297 etoqutum
644 1233 682 1280 it.
690 1235 770 1293 Quem
778 1246 835 1293 orgo
842 1234 918 1293 mugio
927 1234 1032 1282 tibernru
1041 1233 1142 1284 cenoert

62 1309 159 1356 nomint
167 1310 224 1356 uerit
234 1321 301 1368 eum3
318 1319 366 1369 qno
376 1305 493 1356 restinxit
502 1306 590 1367 ignitas
613 1302 668 1351 Sota
680 1305 717 1351 ert
726 1303 846 1365 capientia
858 1304 949 1362 littera,
959 1316 1014 1364 qum
1021 1303 1142 1354 diritiinu

62 1375 153 1425 diaboii
161 1376 271 1435 sagittas.
614 1384 735 1434 pauperes
749 1372 865 1434 preficit,
882 1374 908 1421 et
922 1385 977 1433 quar
992 1386 1075 1422 rerroa
1084 1387 1141 1437 pro-

92 1445 131 1493 11.
140 1445 264 1504 Quomodo
271 1443 312 1493 hic
319 1456 420 1505 servus,
430 1443 474 1506 qut
482 1443 590 1493 erudivit
614 1442 674 1500 priir
684 1442 804 1490 toenoraro
821 1441 927 1490 dominis
937 1440 996 1489 iacit
1005 1455 1012 1488 =
1021 1442 1141 1492 ioenorare

62 1515 187 1575 principes
193 1514 278 1575 popuii
287 1514 314 1560 in
325 1514 368 1561 iiia
376 1513 590 1562 trumentariadto·
612 1522 661 1558 non
672 1510 803 1572 pecuniam
812 1544 820 1571 ,
830 1510 874 1559 red
882 1511 1036 1559 intellectum
1047 1525 1054 1557 r
1065 1511 1142 1560 toene·

63 1584 219 1645 penatium
238 1584 267 1631 ut
276 1582 367 1631 toturn
376 1582 467 1643 inopino
476 1584 590 1631 cononic-
613 1580 792 1628 raretaientum
801 1580 995 1630 titiurltominici
1004 1581 1141 1643 aeternique

62 1651 121 1700 rent
130 1651 156 1697 et
166 1647 340 1711 providerentt
350 1650 398 1697 dut
410 1650 589 1710 quomodorer·
613 1648 736 1710 thesauri,
755 1649 799 1710 qui
810 1661 944 1710 numquam
958 1651 1140 1710 corrumpitur,

62 1732 124 1778 rus,
139 1720 183 1779 qui
199 1720 275 1767 totam
290 1721 381 1766 terrum
396 1719 544 1779 adquisivit,
563 1719 590 1766 et
613 1717 683 1775 cnjus
698 1720 724 1766 et
738 1730 811 1767 usura
827 1719 933 1778 pretiosa
950 1719 1006 1766 ert:
1019 1718 1141 1769 toenerarc

63 1786 589 1848 univercumpopoiumAEqypttorumincer·
612 1785 1139 1847 titudinteltiqioiieeioquiornmerqentum

62 1858 168 1905 vitutem
186 1853 294 1915 redeqitt
311 1855 364 1902 iton
379 1856 407 1902 ut
424 1855 588 1903 conditionem
613 1854 766 1915 orientium,
781 1856 813 1903 dc
828 1867 877 1915 quo
895 1856 947 1902 tex
965 1854 1027 1903 dicit
1038 1868 1045 1900 r
1058 1858 1141 1906 Feroc-

62 1925 159 1974 servitii
178 1922 291 1985 ignobilis
307 1924 439 1983 irrogaret,
449 1922 493 1970 sed
508 1924 535 1970 ut
545 1923 590 1969 tri·
612 1921 677 1968 rotie
691 1922 810 1981 pentibus,
825 1925 851 1970 tu
864 1925 943 1969 cumn
958 1936 1007 1969 non
1020 1924 1142 1972 mutuate-

63 1995 151 2043 butnm
165 1993 335 2053 omniumr,
354 1994 443 2054 praeter
460 1992 590 2051 possessio-
612 1991 654 2038 rto.
665 1989 735 2047 Quod
745 1990 862 2037 tiebrmuo
873 1990 1003 2039 toeuerarit
1013 1992 1140 2051 sentibus,

64 2074 123 2111 nem
139 2062 222 2109 tamen
231 2060 422 2118 cacerdotaiem,
433 2070 530 2118 quama
545 2058 589 2105 tri·
613 2057 666 2115 ipse
676 2058 759 2105 nutem
769 2068 818 2104 non
830 2057 926 2117 accepit
944 2069 959 2105 a
974 2060 1072 2118 populis
1085 2061 1141 2109 doc·

63 2130 129 2180 butio
149 2130 284 2178 immunem
305 2127 456 2186 reservarit3
479 2128 508 2174 ut
525 2127 589 2187 opud
613 2126 717 2185 trinam,
735 2127 778 2174 sed
792 2125 910 2174 tradidit:
924 2127 965 2174 coi
975 2128 1074 2189 operuit
1090 2130 1141 2179 iio-

64 2198 186 2258 AEqyptios
196 2190 590 2257 quoqueinriotairiiiuhaireretor
612 2195 695 2243 minuo
703 2195 941 2256 tiresanrnmrnum,
952 2198 1076 2256 ntuenter
1086 2200 1142 2260 ptu-

65 2265 151 2325 reiiqio
159 2264 324 2313 rucerdoiaiir.
614 2263 653 2310 via
663 2263 783 2312 remonis
792 2264 830 2311 rui
841 2263 933 2312 taceret
943 2264 1102 2327 innumere,
1114 2270 1142 2317 et

94 2332 412 2392 tnrtonteuttptturenn
422 2341 590 2380 aemnmren·
613 2332 683 2381 tieret
702 2333 817 2394 princepe
836 2334 962 2394 rentium,
983 2334 1036 2397 ipse
1057 2340 1140 2386 antem

64 2403 138 2462 ditio;
156 2414 212 2450 unm
230 2402 317 2462 utique
330 2400 523 2459 nepotiatoritrua
537 2402 591 2449 erat
614 2415 686 2464 upra
701 2416 728 2452 oe
739 2403 878 2465 principem
888 2406 984 2454 nntium
997 2406 1108 2457 haberet.

64 2473 177 2522 venditur
192 2484 201 2518 r
216 2483 303 2520 verum
321 2470 342 2518 ri
357 2470 466 2531 pretinm
480 2471 590 2531 spectet,
644 2473 683 2521 itt.
701 2474 775 2523 Liber
786 2474 825 2524 eat
839 2486 898 2534 erqo
913 2475 956 2535 qui
970 2476 1069 2537 rapiens
1087 2480 1139 2538 ert,

63 2539 319 2600 muitoetnurnieoqui
333 2540 448 2587 emerunt
460 2540 507 2587 eibi
519 2541 589 2600 puet-
613 2542 694 2602 pretio
713 2544 794 2591 emtor
815 2544 967 2593 oraculorum
988 2546 1139 2606 coutentium,

63 2612 215 2661 iulaciormae
227 2608 501 2670 eieqantioriqqunrum
507 2621 589 2657 amore
614 2611 658 2658 itio
667 2623 743 2671 auro,
755 2611 907 2671 iitoarqento
918 2612 1037 2660 rermonis
1046 2614 1139 2662 divini:

62 2682 142 2742 capti,
169 2680 237 2739 turpi
256 2677 361 2725 servitio
380 2690 434 2725 reso
459 2678 589 2728 dederunt.
614 2679 693 2738 pretio
707 2679 787 2727 emtur
796 2679 923 2739 sauguinis
933 2679 943 2741 (
953 2693 1002 2728 non
1013 2682 1080 2730 euim
1094 2685 1141 2731 mi·
1247 2686 1252 2695 “

63 2749 198 2798 Videbatur
209 2749 301 2805 dpemo
318 2745 455 2792 concubina
469 2747 539 2795 Darii
550 2760 590 2796 re·
613 2747 708 2795 nimum
717 2749 880 2796 estomtorem
888 2762 1018 2810 agnoscere
1029 2749 1049 2813 );
1059 2753 1142 2812 pretio

63 2817 101 2878 qis
110 2816 198 2863 eodone
208 2814 239 2859 ud
249 2813 377 2860 dexterum
393 2812 462 2874 eius,
476 2815 591 2865 nutemus
614 2816 694 2865 erutus
704 2818 806 2877 gratim,
821 2818 862 2878 qui
874 2818 970 2867 audivit
981 2821 1007 2867 et
1016 2820 1142 2872 tnteiicxit

63 2886 95 2933 de
105 2882 187 2941 capito
203 2881 256 2939 ojus
271 2880 399 2939 diademo,
416 2884 442 2930 et
452 2896 497 2932 suo
511 2884 590 2945 impo-
615 2885 759 2936 dicentem:
771 2890 817 2950 Qut
825 2889 909 2946 ritttir,
921 2890 952 2935 tto
961 2890 993 2936 od
1005 2904 1107 2951 aquom
1118 2895 1141 2941 et

62 2950 125 3000 nene
137 2950 239 3009 vertici,
250 2949 338 3009 palmis
348 2950 437 2999 taciem
448 2953 503 3013 elno
517 2955 591 3003 cintr-
614 2958 753 3019 quicunque
771 2970 820 3005 non
838 2957 928 3006 totettr
941 2962 1078 3019 omentum,
1092 2962 1140 3020 tte,

64 3024 102 3068 tro
113 3030 188 3066 manu
199 3018 329 3066 verberone
339 3032 347 3065 r
358 3032 432 3080 quam
445 3034 491 3071 rea
505 3025 590 3084 aperto
613 3028 694 3086 emite,
705 3030 729 3074 et
739 3026 822 3085 bibite,
832 3030 854 3076 rt
864 3028 1012 3076 mandante.

63 3100 107 3136 ore
115 3087 265 3145 intuebatur,
275 3087 520 3152 gandensetquando
530 3094 591 3141 arri-
644 3094 683 3143 16.
694 3094 769 3143 iiber
778 3098 816 3145 ert
824 3096 936 3156 iiie‚qnt
945 3096 1104 3158 propediem
1114 3100 1141 3150 in

63 3156 134 3205 deret
144 3156 168 3203 ei
178 3156 269 3204 mutter
280 3170 288 3203 r
299 3158 365 3218 quod
376 3159 396 3207 ri
408 3172 438 3208 ea
449 3162 590 3223 indignare-
613 3163 720 3224 betium,
730 3162 752 3212 ri
762 3163 853 3212 viderit
860 3164 991 3214 mutierem
1002 3166 1090 3215 bonam
1099 3169 1143 3217 ad·

64 3227 118 3284 tur,
134 3225 250 3272 miserum
262 3238 288 3273 se
298 3226 373 3286 atque
389 3226 507 3278 aitiictnm
518 3233 589 3291 pnta·
614 3232 708 3292 spectu,
720 3232 906 3291 etdepraedotns
915 3246 974 3293 oper
982 3232 1142 3285 inimicorum

63 3296 117 3353 ret;
133 3294 161 3341 nt
178 3295 298 3353 potestate
309 3294 442 3355 submisso,
459 3296 590 3349 blanditias
613 3302 1143 3366 suornm,reperumttiteconenptertteam,

63 3364 205 3421 obtereret,
216 3363 241 3410 et
249 3361 376 3411 conciliari
385 3363 433 3411 ribi
441 3375 496 3412 eam
504 3366 591 3427 depre·
614 3366 704 3414 demtis
713 3366 857 3426 superfluis,
874 3368 900 3414 et
910 3369 1054 3417 indumento
1064 3373 1146 3431 capti-

64 3435 170 3481 coreiur.
615 3434 699 3481 vitatio
709 3433 835 3492 detracto,
851 3433 877 3480 in
889 3447 991 3482 uxorem
1002 3436 1050 3483 sibi
1067 3450 1144 3497 copu-

96 3501 135 3549 15.
153 3500 201 3547 Sed
219 3499 278 3560 quid
294 3500 340 3548 intr
354 3512 442 3561 mnqno
457 3503 592 3564 aiieqamus
616 3502 1142 3567 iuverit‚1omnoncervam,rediiherum;

64 3570 175 3618 ambitui
184 3570 505 3631 it'onridemnrpiernmqne
513 3573 540 3619 in
548 3586 592 3632 po-
616 3570 731 3631 inteiiigit
741 3572 809 3619 enim
816 3570 943 3619 famutatui
954 3573 1109 3634 prudentiam
1118 3580 1145 3625 ot

64 3639 177 3686 testatem
191 3639 320 3699 piraticam
330 3640 370 3686 roi
381 3638 527 3687 immanium
537 3642 592 3689 tror-
616 3639 769 3699 disciplinam
776 3652 825 3688 nou
834 3641 969 3700 subiacere.
977 3642 1083 3704 ideoque
1091 3644 1144 3695 Lex

63 3707 178 3755 notorum
194 3708 304 3756 reductor
314 3709 429 3767 parentes
448 3708 535 3757 aditio
552 3723 592 3758 re-
616 3708 694 3756 dicit:
705 3711 1144 3774 it’onoenumdottturpeeontc30mne

65 3773 126 3823 dimi
136 3776 256 3835 pecunia!
270 3776 392 3836 nunquid
402 3776 470 3837 ieqeo
481 3780 592 3838 pecuniae
617 3778 682 3825 enim
694 3778 830 3837 pretiosum
840 3792 889 3826 non
900 3781 937 3827 ost
949 3792 977 3828 ea
991 3780 1102 3841 dignum.
1115 3784 1145 3832 nt

65 3844 185 3904 potiores,
194 3857 267 3905 quam
278 3846 345 3905 leges
354 3844 462 3893 naturai
471 3847 593 3908 Numquid
616 3848 662 3895 tob
677 3846 738 3895 dicit
754 3859 761 3892 ε
777 3849 881 3897 Adtrutc
891 3851 1030 3910 rapientium
1044 3854 1070 3899 tn
1084 3854 1144 3901 tute·

65 3913 93 3959 in
104 3914 223 3961 servitute
235 3915 368 3963 accersitur
376 3914 470 3976 pietaet
480 3918 592 3978 Plerique
616 3921 691 3966 rtoro.
709 3917 761 3965 iton
772 3916 809 3963 iiii
825 3919 1007 3978 comparabitur
1016 3921 1144 3981 AEtiriopier

66 3981 355 4043 emtoresieonumennt‚
365 3985 482 4032 ettamen
492 3987 593 4034 nondo·
617 3985 745 4047 topazion,
760 3984 826 4046 qnod
840 3997 900 4034 auro
917 3986 1144 4049 habeturarqento·

66 4047 191 4097 minantur
199 4052 379 4103 iconiburrood
388 4053 594 4111 itarnirjictnntnr
617 4066 666 4115 que
681 4053 822 4116 pretiocino.

67 4126 138 4161 versa
150 4116 219 4175 vice,
230 4120 257 4164 ut
266 4121 287 4165 si
298 4120 455 4179 exasperatos
465 4132 508 4170 eoo
517 4132 594 4172 eacu-
648 4122 688 4171 ir.
699 4121 804 4171 sednon
815 4120 860 4170 itte
870 4120 949 4172 totum
959 4122 1036 4184 iiber,
1045 4123 1089 4184 qut
1099 4121 1146 4170 do-

67 4184 121 4237 tero
137 4185 234 4234 cervice
244 4186 442 4249 torosvidorint,
460 4188 555 4252 tugiunt
569 4191 595 4241 ot
618 4189 713 4243 minum
719 4190 1145 4256 neinorennonpertnurnuttn·
