<?xml version="1.0" encoding="UTF-8"?>
<!DOCTYPE html PUBLIC "-//W3C//DTD XHTML 1.0 Transitional//EN"
    "http://www.w3.org/TR/xhtml1/DTD/xhtml1-transitional.dtd">
<html xmlns="http://www.w3.org/1999/xhtml" xml:lang="en" lang="en">
 <head>
  <title>
</title>
<meta http-equiv="Content-Type" content="text/html;charset=utf-8" />
  <meta name='ocr-system' content='tesseract 3.04.00' />
  <meta name='ocr-capabilities' content='ocr_page ocr_carea ocr_par ocr_line ocrx_word'/>
</head>
<body>
  <div class='ocr_page' id='page_1' title='image "./sanctiambrosiim00ambrgoog_0405.png"; bbox 0 0 2632 4784; ppageno 0'>
   <div class='ocr_carea' id='block_1_1' title="bbox 130 250 833 309">
    <p class='ocr_par' dir='ltr' id='par_1_1' title="bbox 130 250 833 309">
     <span class='ocr_line' id='line_1_1' title="bbox 130 250 833 309; baseline -0.009 0"><span class='ocrx_word' id='word_1_1' title='bbox 130 258 177 309; x_wconf 64' lang='lat' dir='ltr'><strong>‘iffi</strong></span> <span class='ocrx_word' id='word_1_2' title='bbox 538 256 658 305; x_wconf 73' lang='lat' dir='ltr'><strong>sancti</strong></span> <span class='ocrx_word' id='word_1_3' title='bbox 672 250 833 304; x_wconf 62' lang='lat' dir='ltr'><strong>dimoti!</strong></span> 
     </span>
    </p>
   </div>
   <div class='ocr_carea' id='block_1_2' title="bbox 102 336 1211 3488">
    <p class='ocr_par' dir='ltr' id='par_1_2' title="bbox 102 336 1211 3488">
     <span class='ocr_line' id='line_1_2' title="bbox 126 336 1210 405; baseline -0.006 -11"><span class='ocrx_word' id='word_1_4' title='bbox 126 343 253 395; x_wconf 79' lang='lat' dir='ltr'><strong>cantione</strong></span> <span class='ocrx_word' id='word_1_5' title='bbox 270 341 377 394; x_wconf 82' lang='lat' dir='ltr'><strong>delectit</strong></span> <span class='ocrx_word' id='word_1_6' title='bbox 386 340 482 405; x_wconf 55' lang='lat' dir='ltr'><strong>itan</strong></span> <span class='ocrx_word' id='word_1_7' title='bbox 490 339 616 390; x_wconf 60' lang='lat' dir='ltr'><strong>osteumm</strong></span> <span class='ocrx_word' id='word_1_8' title='bbox 627 340 653 389; x_wconf 84' lang='lat' dir='ltr'><strong>et</strong></span> <span class='ocrx_word' id='word_1_9' title='bbox 706 340 746 390; x_wconf 76' lang='lat' dir='ltr'><strong>tt).</strong></span> <span class='ocrx_word' id='word_1_10' title='bbox 758 341 815 402; x_wconf 82' lang='lat' dir='ltr'><strong>cur,</strong></span> <span class='ocrx_word' id='word_1_11' title='bbox 834 337 965 400; x_wconf 88' lang='lat' dir='ltr'><strong>inquiunt,</strong></span> <span class='ocrx_word' id='word_1_12' title='bbox 980 336 1058 388; x_wconf 74' lang='lat' dir='ltr'><strong>Filius</strong></span> <span class='ocrx_word' id='word_1_13' title='bbox 1073 338 1147 387; x_wconf 78' lang='lat' dir='ltr'><strong>Prior</strong></span> <span class='ocrx_word' id='word_1_14' title='bbox 1159 346 1210 387; x_wconf 81' lang='lat' dir='ltr'><strong>nou</strong></span> 
     </span>
     <span class='ocr_line' id='line_1_3' title="bbox 125 406 1211 473; baseline -0.008 -10"><span class='ocrx_word' id='word_1_15' title='bbox 125 411 354 473; x_wconf 74' lang='lat' dir='ltr'><strong>caudunhcpero</strong></span> <span class='ocrx_word' id='word_1_16' title='bbox 371 409 451 469; x_wconf 78' lang='lat' dir='ltr'><strong>ttius,</strong></span> <span class='ocrx_word' id='word_1_17' title='bbox 466 421 527 470; x_wconf 82' lang='lat' dir='ltr'><strong>qnos</strong></span> <span class='ocrx_word' id='word_1_18' title='bbox 542 406 653 470; x_wconf 83' lang='lat' dir='ltr'><strong>quotidie</strong></span> <span class='ocrx_word' id='word_1_19' title='bbox 678 409 800 469; x_wconf 83' lang='lat' dir='ltr'><strong>estlQulu</strong></span> <span class='ocrx_word' id='word_1_20' title='bbox 812 411 838 459; x_wconf 91' lang='lat' dir='ltr'><strong>et</strong></span> <span class='ocrx_word' id='word_1_21' title='bbox 848 407 919 457; x_wconf 82' lang='lat' dir='ltr'><strong>Pater</strong></span> <span class='ocrx_word' id='word_1_22' title='bbox 935 408 1012 456; x_wconf 75' lang='lat' dir='ltr'><strong>i&#39;ilius</strong></span> <span class='ocrx_word' id='word_1_23' title='bbox 1032 419 1083 456; x_wconf 90' lang='lat' dir='ltr'><strong>nou</strong></span> <span class='ocrx_word' id='word_1_24' title='bbox 1102 408 1150 455; x_wconf 89' lang='lat' dir='ltr'><strong>est.</strong></span> <span class='ocrx_word' id='word_1_25' title='bbox 1160 408 1211 454; x_wconf 78' lang='lat' dir='ltr'><strong>cur</strong></span> 
     </span>
     <span class='ocr_line' id='line_1_4' title="bbox 125 475 1210 542; baseline -0.006 -13"><span class='ocrx_word' id='word_1_26' title='bbox 125 481 240 542; x_wconf 71' lang='lat' dir='ltr'><strong>marat,</strong></span> <span class='ocrx_word' id='word_1_27' title='bbox 250 479 295 528; x_wconf 85' lang='lat' dir='ltr'><strong>sed</strong></span> <span class='ocrx_word' id='word_1_28' title='bbox 305 492 335 529; x_wconf 85' lang='lat' dir='ltr'><strong>ea</strong></span> <span class='ocrx_word' id='word_1_29' title='bbox 345 478 515 540; x_wconf 65' lang='lat' dir='ltr'><strong>generatione,</strong></span> <span class='ocrx_word' id='word_1_30' title='bbox 522 478 561 525; x_wconf 83' lang='lat' dir='ltr'><strong>vel</strong></span> <span class='ocrx_word' id='word_1_31' title='bbox 572 476 654 537; x_wconf 86' lang='lat' dir='ltr'><strong>potius</strong></span> <span class='ocrx_word' id='word_1_32' title='bbox 678 491 727 527; x_wconf 88' lang='lat' dir='ltr'><strong>uon</strong></span> <span class='ocrx_word' id='word_1_33' title='bbox 735 478 782 527; x_wconf 87' lang='lat' dir='ltr'><strong>iste</strong></span> <span class='ocrx_word' id='word_1_34' title='bbox 793 475 937 538; x_wconf 67' lang='lat' dir='ltr'><strong>ueneraritl</strong></span> <span class='ocrx_word' id='word_1_35' title='bbox 946 475 1009 536; x_wconf 80' lang='lat' dir='ltr'><strong>Quis</strong></span> <span class='ocrx_word' id='word_1_36' title='bbox 1019 487 1068 524; x_wconf 87' lang='lat' dir='ltr'><strong>nec</strong></span> <span class='ocrx_word' id='word_1_37' title='bbox 1078 476 1123 524; x_wconf 87' lang='lat' dir='ltr'><strong>iile</strong></span> <span class='ocrx_word' id='word_1_38' title='bbox 1133 486 1210 535; x_wconf 74' lang='lat' dir='ltr'><strong>pene·</strong></span> 
     </span>
     <span class='ocr_line' id='line_1_5' title="bbox 126 543 1209 609; baseline -0.005 -12"><span class='ocrx_word' id='word_1_39' title='bbox 126 547 329 609; x_wconf 61' lang='lat' dir='ltr'><strong>regeneratione,</strong></span> <span class='ocrx_word' id='word_1_40' title='bbox 339 560 395 608; x_wconf 80' lang='lat' dir='ltr'><strong>quac</strong></span> <span class='ocrx_word' id='word_1_41' title='bbox 404 546 532 608; x_wconf 84' lang='lat' dir='ltr'><strong>potestatis</strong></span> <span class='ocrx_word' id='word_1_42' title='bbox 545 546 596 605; x_wconf 85' lang='lat' dir='ltr'><strong>est,</strong></span> <span class='ocrx_word' id='word_1_43' title='bbox 604 556 654 592; x_wconf 90' lang='lat' dir='ltr'><strong>oon</strong></span> <span class='ocrx_word' id='word_1_44' title='bbox 678 549 745 595; x_wconf 88' lang='lat' dir='ltr'><strong>ratus</strong></span> <span class='ocrx_word' id='word_1_45' title='bbox 755 548 800 594; x_wconf 87' lang='lat' dir='ltr'><strong>est.</strong></span> <span class='ocrx_word' id='word_1_46' title='bbox 809 547 858 594; x_wconf 84' lang='lat' dir='ltr'><strong>Nec</strong></span> <span class='ocrx_word' id='word_1_47' title='bbox 871 545 929 594; x_wconf 88' lang='lat' dir='ltr'><strong>ideo</strong></span> <span class='ocrx_word' id='word_1_48' title='bbox 939 545 1021 594; x_wconf 80' lang='lat' dir='ltr'><strong>minna</strong></span> <span class='ocrx_word' id='word_1_49' title='bbox 1032 544 1106 592; x_wconf 82' lang='lat' dir='ltr'><strong>habel</strong></span> <span class='ocrx_word' id='word_1_50' title='bbox 1118 543 1209 601; x_wconf 71' lang='lat' dir='ltr'><strong>Pilius,</strong></span> 
     </span>
     <span class='ocr_line' id='line_1_6' title="bbox 123 612 1211 678; baseline -0.005 -13"><span class='ocrx_word' id='word_1_51' title='bbox 123 618 233 676; x_wconf 64' lang='lat' dir='ltr'><strong>uatum</strong></span> <span class='ocrx_word' id='word_1_52' title='bbox 252 616 350 678; x_wconf 82' lang='lat' dir='ltr'><strong>adoptio</strong></span> <span class='ocrx_word' id='word_1_53' title='bbox 368 613 436 664; x_wconf 85' lang='lat' dir='ltr'><strong>enim</strong></span> <span class='ocrx_word' id='word_1_54' title='bbox 455 614 582 676; x_wconf 89' lang='lat' dir='ltr'><strong>potestatis</strong></span> <span class='ocrx_word' id='word_1_55' title='bbox 599 614 653 672; x_wconf 88' lang='lat' dir='ltr'><strong>est,</strong></span> <span class='ocrx_word' id='word_1_56' title='bbox 677 616 735 676; x_wconf 89' lang='lat' dir='ltr'><strong>quia</strong></span> <span class='ocrx_word' id='word_1_57' title='bbox 756 616 827 664; x_wconf 78' lang='lat' dir='ltr'><strong>Pater</strong></span> <span class='ocrx_word' id='word_1_58' title='bbox 845 627 894 662; x_wconf 91' lang='lat' dir='ltr'><strong>nou</strong></span> <span class='ocrx_word' id='word_1_59' title='bbox 909 614 964 664; x_wconf 77' lang='lat' dir='ltr'><strong>eota</strong></span> <span class='ocrx_word' id='word_1_60' title='bbox 976 626 1023 662; x_wconf 85' lang='lat' dir='ltr'><strong>nec</strong></span> <span class='ocrx_word' id='word_1_61' title='bbox 1037 613 1109 660; x_wconf 82' lang='lat' dir='ltr'><strong>Pater</strong></span> <span class='ocrx_word' id='word_1_62' title='bbox 1127 612 1211 660; x_wconf 83' lang='lat' dir='ltr'><strong>minus</strong></span> 
     </span>
     <span class='ocr_line' id='line_1_7' title="bbox 125 676 1210 746; baseline -0.006 -11"><span class='ocrx_word' id='word_1_63' title='bbox 125 685 252 744; x_wconf 69' lang='lat' dir='ltr'><strong>mendo</strong></span> <span class='ocrx_word' id='word_1_64' title='bbox 260 685 425 746; x_wconf 78' lang='lat' dir='ltr'><strong>proprietatis.</strong></span> <span class='ocrx_word' id='word_1_65' title='bbox 433 683 503 743; x_wconf 86' lang='lat' dir='ltr'><strong>Quod</strong></span> <span class='ocrx_word' id='word_1_66' title='bbox 513 684 567 743; x_wconf 87' lang='lat' dir='ltr'><strong>ipsa</strong></span> <span class='ocrx_word' id='word_1_67' title='bbox 574 683 655 742; x_wconf 85' lang='lat' dir='ltr'><strong>Scrip-</strong></span> <span class='ocrx_word' id='word_1_68' title='bbox 679 676 1210 745; x_wconf 68' lang='lat' dir='ltr'><strong>tiabetquiaiilinsnonestdlixitenimii-</strong></span> 
     </span>
     <span class='ocr_line' id='line_1_8' title="bbox 126 751 1209 814; baseline -0.004 -13"><span class='ocrx_word' id='word_1_69' title='bbox 126 753 182 801; x_wconf 84' lang='lat' dir='ltr'><strong>tnra</strong></span> <span class='ocrx_word' id='word_1_70' title='bbox 196 764 241 802; x_wconf 78' lang='lat' dir='ltr'><strong>uos</strong></span> <span class='ocrx_word' id='word_1_71' title='bbox 251 754 346 813; x_wconf 80' lang='lat' dir='ltr'><strong>docuit3</strong></span> <span class='ocrx_word' id='word_1_72' title='bbox 357 752 418 802; x_wconf 86' lang='lat' dir='ltr'><strong>dicit</strong></span> <span class='ocrx_word' id='word_1_73' title='bbox 436 752 502 801; x_wconf 83' lang='lat' dir='ltr'><strong>enini</strong></span> <span class='ocrx_word' id='word_1_74' title='bbox 517 752 652 800; x_wconf 86' lang='lat' dir='ltr'><strong>lohannes:</strong></span> <span class='ocrx_word' id='word_1_75' title='bbox 678 753 726 802; x_wconf 89' lang='lat' dir='ltr'><strong>lius</strong></span> <span class='ocrx_word' id='word_1_76' title='bbox 737 766 744 800; x_wconf 81' lang='lat' dir='ltr'><strong>r</strong></span> <span class='ocrx_word' id='word_1_77' title='bbox 755 755 901 814; x_wconf 76' lang='lat' dir='ltr'><strong>Omniaque</strong></span> <span class='ocrx_word' id='word_1_78' title='bbox 909 751 1071 809; x_wconf 64' lang='lat' dir='ltr'><strong>Putriotct,</strong></span> <span class='ocrx_word' id='word_1_79' title='bbox 1081 765 1135 798; x_wconf 79' lang='lat' dir='ltr'><strong>mec</strong></span> <span class='ocrx_word' id='word_1_80' title='bbox 1144 752 1209 798; x_wconf 76' lang='lat' dir='ltr'><strong>rusi.</strong></span> 
     </span>
     <span class='ocr_line' id='line_1_9' title="bbox 126 818 1209 883; baseline -0.004 -13"><span class='ocrx_word' id='word_1_81' title='bbox 126 821 277 883; x_wconf 73' lang='lat' dir='ltr'><strong>quatenoc</strong></span> <span class='ocrx_word' id='word_1_82' title='bbox 293 825 379 872; x_wconf 80' lang='lat' dir='ltr'><strong>mundo</strong></span> <span class='ocrx_word' id='word_1_83' title='bbox 389 824 456 880; x_wconf 68' lang='lat' dir='ltr'><strong>nol,</strong></span> <span class='ocrx_word' id='word_1_84' title='bbox 470 818 654 882; x_wconf 71' lang='lat' dir='ltr'><strong>elidamurper</strong></span> <span class='ocrx_word' id='word_1_85' title='bbox 678 823 744 871; x_wconf 75' lang='lat' dir='ltr'><strong>Adeo</strong></span> <span class='ocrx_word' id='word_1_86' title='bbox 755 822 882 883; x_wconf 63' lang='lat' dir='ltr'><strong>ueneratio</strong></span> <span class='ocrx_word' id='word_1_87' title='bbox 892 821 918 869; x_wconf 92' lang='lat' dir='ltr'><strong>in</strong></span> <span class='ocrx_word' id='word_1_88' title='bbox 929 823 1031 883; x_wconf 85' lang='lat' dir='ltr'><strong>palerna</strong></span> <span class='ocrx_word' id='word_1_89' title='bbox 1041 819 1209 882; x_wconf 83' lang='lat' dir='ltr'><strong>proprietate,</strong></span> 
     </span>
     <span class='ocr_line' id='line_1_10' title="bbox 124 887 1022 952; baseline -0.004 -12"><span class='ocrx_word' id='word_1_90' title='bbox 124 889 202 951; x_wconf 66' lang='lat' dir='ltr'><strong>luen</strong></span> <span class='ocrx_word' id='word_1_91' title='bbox 210 891 326 952; x_wconf 65' lang='lat' dir='ltr'><strong>ructuat</strong></span> <span class='ocrx_word' id='word_1_92' title='bbox 331 924 340 950; x_wconf 88' lang='lat'><strong>,</strong></span> <span class='ocrx_word' id='word_1_93' title='bbox 347 891 476 939; x_wconf 62' lang='lat' dir='ltr'><strong>emendus</strong></span> <span class='ocrx_word' id='word_1_94' title='bbox 483 901 655 949; x_wconf 62' lang='lat' dir='ltr'><strong>manoncou-</strong></span> <span class='ocrx_word' id='word_1_95' title='bbox 679 903 727 939; x_wconf 91' lang='lat' dir='ltr'><strong>uon</strong></span> <span class='ocrx_word' id='word_1_96' title='bbox 735 891 762 938; x_wconf 92' lang='lat' dir='ltr'><strong>in</strong></span> <span class='ocrx_word' id='word_1_97' title='bbox 772 890 827 949; x_wconf 83' lang='lat' dir='ltr'><strong>iure</strong></span> <span class='ocrx_word' id='word_1_98' title='bbox 835 891 875 938; x_wconf 90' lang='lat' dir='ltr'><strong>est</strong></span> <span class='ocrx_word' id='word_1_99' title='bbox 885 887 1022 949; x_wconf 81' lang='lat' dir='ltr'><strong>potestatis.</strong></span> 
     </span>
     <span class='ocr_line' id='line_1_11' title="bbox 125 954 1210 1021; baseline -0.006 -12"><span class='ocrx_word' id='word_1_100' title='bbox 125 960 198 1009; x_wconf 76' lang='lat' dir='ltr'><strong>soetl.</strong></span> <span class='ocrx_word' id='word_1_101' title='bbox 212 960 243 1009; x_wconf 79' lang='lat' dir='ltr'><strong>tn</strong></span> <span class='ocrx_word' id='word_1_102' title='bbox 258 962 356 1021; x_wconf 83' lang='lat' dir='ltr'><strong>proprie</strong></span> <span class='ocrx_word' id='word_1_103' title='bbox 373 960 451 1016; x_wconf 78' lang='lat' dir='ltr'><strong>uenit,</strong></span> <span class='ocrx_word' id='word_1_104' title='bbox 461 961 483 1007; x_wconf 82' lang='lat' dir='ltr'><strong>el</strong></span> <span class='ocrx_word' id='word_1_105' title='bbox 498 960 536 1008; x_wconf 81' lang='lat' dir='ltr'><strong>sul</strong></span> <span class='ocrx_word' id='word_1_106' title='bbox 544 969 655 1006; x_wconf 70' lang='lat' dir='ltr'><strong>metros</strong></span> <span class='ocrx_word' id='word_1_107' title='bbox 708 959 748 1008; x_wconf 73' lang='lat' dir='ltr'><strong>tl.</strong></span> <span class='ocrx_word' id='word_1_108' title='bbox 761 960 802 1007; x_wconf 81' lang='lat' dir='ltr'><strong>iist</strong></span> <span class='ocrx_word' id='word_1_109' title='bbox 812 957 923 1019; x_wconf 76' lang='lat' dir='ltr'><strong>quaedam</strong></span> <span class='ocrx_word' id='word_1_110' title='bbox 934 955 1076 1005; x_wconf 81' lang='lat' dir='ltr'><strong>indistincta</strong></span> <span class='ocrx_word' id='word_1_111' title='bbox 1086 954 1210 1005; x_wconf 75' lang='lat' dir='ltr'><strong>distincita</strong></span> 
     </span>
     <span class='ocr_line' id='line_1_12' title="bbox 125 1023 1211 1089; baseline -0.004 -13"><span class='ocrx_word' id='word_1_112' title='bbox 125 1030 269 1089; x_wconf 67' lang='lat' dir='ltr'><strong>remul-</strong></span> <span class='ocrx_word' id='word_1_113' title='bbox 291 1028 406 1089; x_wconf 69' lang='lat' dir='ltr'><strong>Quotquot</strong></span> <span class='ocrx_word' id='word_1_114' title='bbox 423 1029 503 1074; x_wconf 72' lang='lat' dir='ltr'><strong>mcum</strong></span> <span class='ocrx_word' id='word_1_115' title='bbox 521 1028 654 1086; x_wconf 81' lang='lat' dir='ltr'><strong>receperunt</strong></span> <span class='ocrx_word' id='word_1_116' title='bbox 679 1023 1211 1087; x_wconf 80' lang='lat' dir='ltr'><strong>lrrcomprehensibiiiseltnenarrabilissub-</strong></span> 
     </span>
     <span class='ocr_line' id='line_1_13' title="bbox 125 1086 1208 1158; baseline -0.005 -13"><span class='ocrx_word' id='word_1_117' title='bbox 125 1097 266 1155; x_wconf 54' lang='lat' dir='ltr'><strong>confricat</strong></span> <span class='ocrx_word' id='word_1_118' title='bbox 275 1098 321 1146; x_wconf 77' lang='lat' dir='ltr'><strong>iiiia</strong></span> <span class='ocrx_word' id='word_1_119' title='bbox 328 1099 463 1158; x_wconf 67' lang='lat' dir='ltr'><strong>musicum</strong></span> <span class='ocrx_word' id='word_1_120' title='bbox 471 1096 530 1154; x_wconf 78' lang='lat' dir='ltr'><strong>{iiior</strong></span> <span class='ocrx_word' id='word_1_121' title='bbox 541 1097 586 1143; x_wconf 83' lang='lat' dir='ltr'><strong>Dei</strong></span> <span class='ocrx_word' id='word_1_122' title='bbox 593 1095 653 1154; x_wconf 75' lang='lat' dir='ltr'><strong>lieri,</strong></span> <span class='ocrx_word' id='word_1_123' title='bbox 678 1095 908 1144; x_wconf 68' lang='lat' dir='ltr'><strong>nuntiatrinilatis.</strong></span> <span class='ocrx_word' id='word_1_124' title='bbox 918 1086 1106 1142; x_wconf 85' lang='lat' dir='ltr'><strong>ilistiueltonem</strong></span> <span class='ocrx_word' id='word_1_125' title='bbox 1113 1092 1208 1141; x_wconf 86' lang='lat' dir='ltr'><strong>etenim</strong></span> 
     </span>
     <span class='ocr_line' id='line_1_14' title="bbox 126 1161 1209 1227; baseline -0.006 -13"><span class='ocrx_word' id='word_1_126' title='bbox 126 1162 214 1227; x_wconf 73' lang='lat' dir='ltr'><strong>hispali</strong></span> <span class='ocrx_word' id='word_1_127' title='bbox 223 1166 353 1214; x_wconf 61' lang='lat' dir='ltr'><strong>medentia</strong></span> <span class='ocrx_word' id='word_1_128' title='bbox 367 1164 532 1224; x_wconf 74' lang='lat' dir='ltr'><strong>numitorius.</strong></span> <span class='ocrx_word' id='word_1_129' title='bbox 678 1163 818 1223; x_wconf 87' lang='lat' dir='ltr'><strong>accepimns</strong></span> <span class='ocrx_word' id='word_1_130' title='bbox 833 1163 912 1211; x_wconf 81' lang='lat' dir='ltr'><strong>Patris</strong></span> <span class='ocrx_word' id='word_1_131' title='bbox 933 1165 960 1211; x_wconf 90' lang='lat' dir='ltr'><strong>et</strong></span> <span class='ocrx_word' id='word_1_132' title='bbox 979 1161 1037 1209; x_wconf 69' lang='lat' dir='ltr'><strong>iiiiii</strong></span> <span class='ocrx_word' id='word_1_133' title='bbox 1053 1163 1081 1210; x_wconf 87' lang='lat' dir='ltr'><strong>et</strong></span> <span class='ocrx_word' id='word_1_134' title='bbox 1100 1161 1209 1221; x_wconf 75' lang='lat' dir='ltr'><strong>Spiritus</strong></span> 
     </span>
     <span class='ocr_line' id='line_1_15' title="bbox 155 1228 1209 1294; baseline -0.008 -11"><span class='ocrx_word' id='word_1_135' title='bbox 155 1231 196 1283; x_wconf 79' lang='grc'><strong>87.</strong></span> <span class='ocrx_word' id='word_1_136' title='bbox 207 1233 434 1294; x_wconf 79' lang='lat' dir='ltr'><strong>iiidictmusllaqne</strong></span> <span class='ocrx_word' id='word_1_137' title='bbox 444 1231 572 1294; x_wconf 83' lang='lat' dir='ltr'><strong>potestatis</strong></span> <span class='ocrx_word' id='word_1_138' title='bbox 585 1242 653 1289; x_wconf 84' lang='lat' dir='ltr'><strong>csse,</strong></span> <span class='ocrx_word' id='word_1_139' title='bbox 678 1231 771 1291; x_wconf 69' lang='lat' dir='ltr'><strong>uncti,</strong></span> <span class='ocrx_word' id='word_1_140' title='bbox 792 1244 841 1279; x_wconf 89' lang='lat' dir='ltr'><strong>non</strong></span> <span class='ocrx_word' id='word_1_141' title='bbox 862 1229 1053 1279; x_wconf 83' lang='lat' dir='ltr'><strong>contusionem:</strong></span> <span class='ocrx_word' id='word_1_142' title='bbox 1069 1228 1209 1277; x_wconf 84' lang='lat' dir='ltr'><strong>distinctio-</strong></span> 
     </span>
     <span class='ocr_line' id='line_1_16' title="bbox 126 1296 1209 1363; baseline -0.006 -12"><span class='ocrx_word' id='word_1_143' title='bbox 126 1300 251 1363; x_wconf 75' lang='lat' dir='ltr'><strong>quodum</strong></span> <span class='ocrx_word' id='word_1_144' title='bbox 268 1302 331 1351; x_wconf 88' lang='lat' dir='ltr'><strong>titios</strong></span> <span class='ocrx_word' id='word_1_145' title='bbox 341 1302 387 1349; x_wconf 84' lang='lat' dir='ltr'><strong>iiel</strong></span> <span class='ocrx_word' id='word_1_146' title='bbox 406 1300 465 1349; x_wconf 89' lang='lat' dir='ltr'><strong>teoit</strong></span> <span class='ocrx_word' id='word_1_147' title='bbox 480 1299 654 1360; x_wconf 74' lang='lat' dir='ltr'>:proprietatis</span> <span class='ocrx_word' id='word_1_148' title='bbox 679 1312 807 1361; x_wconf 85' lang='lat' dir='ltr'><strong>nem,nou</strong></span> <span class='ocrx_word' id='word_1_149' title='bbox 815 1301 1011 1361; x_wconf 87' lang='lat' dir='ltr'><strong>separationem:</strong></span> <span class='ocrx_word' id='word_1_150' title='bbox 1023 1296 1209 1347; x_wconf 71' lang='lat' dir='ltr'><strong>distinctionem</strong></span> 
     </span>
     <span class='ocr_line' id='line_1_17' title="bbox 126 1366 1210 1430; baseline -0.003 -14"><span class='ocrx_word' id='word_1_151' title='bbox 126 1370 209 1419; x_wconf 81' lang='lat' dir='ltr'><strong>anton</strong></span> <span class='ocrx_word' id='word_1_152' title='bbox 214 1370 398 1430; x_wconf 73' lang='lat' dir='ltr'><strong>recentiorem</strong></span> <span class='ocrx_word' id='word_1_153' title='bbox 406 1381 459 1418; x_wconf 86' lang='lat' dir='ltr'><strong>esse</strong></span> <span class='ocrx_word' id='word_1_154' title='bbox 468 1368 565 1416; x_wconf 82' lang='lat' dir='ltr'><strong>oracula</strong></span> <span class='ocrx_word' id='word_1_155' title='bbox 571 1366 654 1414; x_wconf 78' lang='lat' dir='ltr'><strong>diviua</strong></span> <span class='ocrx_word' id='word_1_156' title='bbox 677 1381 727 1416; x_wconf 92' lang='lat' dir='ltr'><strong>non</strong></span> <span class='ocrx_word' id='word_1_157' title='bbox 740 1370 915 1429; x_wconf 70' lang='lat' dir='ltr'><strong>pluralitatem.</strong></span> <span class='ocrx_word' id='word_1_158' title='bbox 932 1369 1023 1417; x_wconf 87' lang='lat' dir='ltr'><strong>iliriuo</strong></span> <span class='ocrx_word' id='word_1_159' title='bbox 1036 1368 1119 1428; x_wconf 85' lang='lat' dir='ltr'><strong>itaque</strong></span> <span class='ocrx_word' id='word_1_160' title='bbox 1130 1366 1210 1414; x_wconf 91' lang='lat' dir='ltr'><strong>admi·</strong></span> 
     </span>
     <span class='ocr_line' id='line_1_18' title="bbox 125 1435 1210 1499; baseline -0.002 -15"><span class='ocrx_word' id='word_1_161' title='bbox 125 1435 252 1485; x_wconf 56' lang='lat' dir='ltr'><strong>weisunt</strong></span> <span class='ocrx_word' id='word_1_162' title='bbox 262 1449 270 1483; x_wconf 78' lang='lat' dir='ltr'><strong>a</strong></span> <span class='ocrx_word' id='word_1_163' title='bbox 281 1437 342 1486; x_wconf 89' lang='lat' dir='ltr'><strong>dicit</strong></span> <span class='ocrx_word' id='word_1_164' title='bbox 358 1437 424 1484; x_wconf 86' lang='lat' dir='ltr'><strong>enirn</strong></span> <span class='ocrx_word' id='word_1_165' title='bbox 443 1436 569 1497; x_wconf 84' lang='lat' dir='ltr'><strong>sapientia</strong></span> <span class='ocrx_word' id='word_1_166' title='bbox 586 1435 653 1483; x_wconf 84' lang='lat' dir='ltr'><strong>ilei=</strong></span> <span class='ocrx_word' id='word_1_167' title='bbox 678 1437 802 1498; x_wconf 79' lang='lat' dir='ltr'><strong>randopue</strong></span> <span class='ocrx_word' id='word_1_168' title='bbox 819 1438 936 1499; x_wconf 80' lang='lat' dir='ltr'><strong>mysterio</strong></span> <span class='ocrx_word' id='word_1_169' title='bbox 955 1437 1095 1485; x_wconf 87' lang='lat' dir='ltr'><strong>manentem</strong></span> <span class='ocrx_word' id='word_1_170' title='bbox 1111 1447 1210 1495; x_wconf 84' lang='lat' dir='ltr'><strong>semper</strong></span> 
     </span>
     <span class='ocr_line' id='line_1_19' title="bbox 102 1502 1211 1567; baseline -0.005 -12"><span class='ocrx_word' id='word_1_171' title='bbox 102 1502 104 1506; x_wconf 78' lang='grc'><strong>’</strong></span> <span class='ocrx_word' id='word_1_172' title='bbox 126 1507 169 1555; x_wconf 71' lang='lat' dir='ltr'><strong>Eo</strong></span> <span class='ocrx_word' id='word_1_173' title='bbox 179 1520 220 1557; x_wconf 81' lang='lat' dir='ltr'><strong>ora</strong></span> <span class='ocrx_word' id='word_1_174' title='bbox 233 1507 347 1556; x_wconf 65' lang='lat' dir='ltr'><strong>Allium</strong></span> <span class='ocrx_word' id='word_1_175' title='bbox 365 1508 468 1567; x_wconf 78' lang='lat' dir='ltr'><strong>prodivi,</strong></span> <span class='ocrx_word' id='word_1_176' title='bbox 481 1505 527 1553; x_wconf 86' lang='lat' dir='ltr'><strong>lroo</strong></span> <span class='ocrx_word' id='word_1_177' title='bbox 545 1505 595 1564; x_wconf 85' lang='lat' dir='ltr'><strong>est,</strong></span> <span class='ocrx_word' id='word_1_178' title='bbox 606 1516 655 1552; x_wconf 93' lang='lat' dir='ltr'><strong>non</strong></span> <span class='ocrx_word' id='word_1_179' title='bbox 678 1506 811 1567; x_wconf 79' lang='lat' dir='ltr'><strong>accipimus</strong></span> <span class='ocrx_word' id='word_1_180' title='bbox 821 1505 1211 1567; x_wconf 78' lang='lat' dir='ltr'><strong>Patrem,semperiiltnm,senr·</strong></span> 
     </span>
     <span class='ocr_line' id='line_1_20' title="bbox 127 1573 1209 1636; baseline -0.005 -12"><span class='ocrx_word' id='word_1_181' title='bbox 127 1575 225 1636; x_wconf 64' lang='lat' dir='ltr'><strong>coam,</strong></span> <span class='ocrx_word' id='word_1_182' title='bbox 244 1575 289 1623; x_wconf 87' lang='lat' dir='ltr'><strong>sed</strong></span> <span class='ocrx_word' id='word_1_183' title='bbox 306 1575 385 1622; x_wconf 78' lang='lat' dir='ltr'><strong>libero</strong></span> <span class='ocrx_word' id='word_1_184' title='bbox 395 1588 402 1621; x_wconf 79' lang='lat' dir='ltr'><strong>r</strong></span> <span class='ocrx_word' id='word_1_185' title='bbox 414 1586 462 1622; x_wconf 90' lang='lat' dir='ltr'><strong>non</strong></span> <span class='ocrx_word' id='word_1_186' title='bbox 481 1573 596 1635; x_wconf 76' lang='lat' dir='ltr'><strong>potestati</strong></span> <span class='ocrx_word' id='word_1_187' title='bbox 610 1573 655 1621; x_wconf 88' lang='lat' dir='ltr'><strong>ob-</strong></span> <span class='ocrx_word' id='word_1_188' title='bbox 678 1575 847 1634; x_wconf 82' lang='lat' dir='ltr'><strong>perspiritum</strong></span> <span class='ocrx_word' id='word_1_189' title='bbox 855 1573 1107 1622; x_wconf 79' lang='lat' dir='ltr'><strong>sanctumauonduos</strong></span> <span class='ocrx_word' id='word_1_190' title='bbox 1117 1573 1209 1632; x_wconf 69' lang='lat' dir='ltr'><strong>hirec,</strong></span> 
     </span>
     <span class='ocr_line' id='line_1_21' title="bbox 125 1642 1209 1707; baseline -0.002 -13"><span class='ocrx_word' id='word_1_191' title='bbox 125 1645 215 1707; x_wconf 83' lang='lat' dir='ltr'><strong>noxia,</strong></span> <span class='ocrx_word' id='word_1_192' title='bbox 233 1645 276 1694; x_wconf 88' lang='lat' dir='ltr'><strong>sed</strong></span> <span class='ocrx_word' id='word_1_193' title='bbox 291 1647 349 1694; x_wconf 88' lang='lat' dir='ltr'><strong>nata</strong></span> <span class='ocrx_word' id='word_1_194' title='bbox 365 1644 532 1706; x_wconf 71' lang='lat' dir='ltr'><strong>generationis</strong></span> <span class='ocrx_word' id='word_1_195' title='bbox 551 1651 654 1704; x_wconf 80' lang='lat' dir='ltr'><strong>arcano,</strong></span> <span class='ocrx_word' id='word_1_196' title='bbox 679 1652 727 1691; x_wconf 87' lang='lat' dir='ltr'><strong>non</strong></span> <span class='ocrx_word' id='word_1_197' title='bbox 737 1644 798 1691; x_wconf 89' lang='lat' dir='ltr'><strong>duos</strong></span> <span class='ocrx_word' id='word_1_198' title='bbox 806 1645 888 1704; x_wconf 79' lang='lat' dir='ltr'><strong>Filios,</strong></span> <span class='ocrx_word' id='word_1_199' title='bbox 898 1656 947 1691; x_wconf 92' lang='lat' dir='ltr'><strong>non</strong></span> <span class='ocrx_word' id='word_1_200' title='bbox 954 1644 1013 1691; x_wconf 88' lang='lat' dir='ltr'><strong>dnos</strong></span> <span class='ocrx_word' id='word_1_201' title='bbox 1023 1642 1137 1702; x_wconf 86' lang='lat' dir='ltr'><strong>Spiritus.</strong></span> <span class='ocrx_word' id='word_1_202' title='bbox 1146 1643 1209 1692; x_wconf 78' lang='lat' dir='ltr'><strong>ilaus</strong></span> 
     </span>
     <span class='ocr_line' id='line_1_22' title="bbox 125 1710 1210 1774; baseline -0.002 -13"><span class='ocrx_word' id='word_1_203' title='bbox 125 1712 256 1774; x_wconf 64' lang='lat' dir='ltr'><strong>prlrllezlo</strong></span> <span class='ocrx_word' id='word_1_204' title='bbox 265 1710 438 1761; x_wconf 80' lang='lat' dir='ltr'><strong>dominationis</strong></span> <span class='ocrx_word' id='word_1_205' title='bbox 447 1713 473 1760; x_wconf 88' lang='lat' dir='ltr'><strong>et</strong></span> <span class='ocrx_word' id='word_1_206' title='bbox 481 1713 538 1772; x_wconf 80' lang='lat' dir='ltr'><strong>jure</strong></span> <span class='ocrx_word' id='word_1_207' title='bbox 548 1712 655 1771; x_wconf 81' lang='lat' dir='ltr'><strong>potesta·</strong></span> <span class='ocrx_word' id='word_1_208' title='bbox 679 1712 745 1759; x_wconf 85' lang='lat' dir='ltr'><strong>eoim</strong></span> <span class='ocrx_word' id='word_1_209' title='bbox 755 1716 818 1761; x_wconf 75' lang='lat' dir='ltr'><strong>tirus</strong></span> <span class='ocrx_word' id='word_1_210' title='bbox 826 1714 907 1770; x_wconf 82' lang='lat' dir='ltr'><strong>Peter,</strong></span> <span class='ocrx_word' id='word_1_211' title='bbox 915 1726 998 1773; x_wconf 75' lang='lat' dir='ltr'><strong>expuo</strong></span> <span class='ocrx_word' id='word_1_212' title='bbox 1008 1712 1099 1770; x_wconf 79' lang='lat' dir='ltr'><strong>omnic,</strong></span> <span class='ocrx_word' id='word_1_213' title='bbox 1107 1714 1177 1761; x_wconf 77' lang='lat' dir='ltr'><strong>einos</strong></span> <span class='ocrx_word' id='word_1_214' title='bbox 1185 1712 1210 1759; x_wconf 76' lang='lat' dir='ltr'><strong>iu</strong></span> 
     </span>
     <span class='ocr_line' id='line_1_23' title="bbox 125 1779 1210 1842; baseline -0.001 -12"><span class='ocrx_word' id='word_1_215' title='bbox 125 1781 168 1830; x_wconf 87' lang='lat' dir='ltr'><strong>tls.</strong></span> <span class='ocrx_word' id='word_1_216' title='bbox 178 1780 291 1842; x_wconf 77' lang='lat' dir='ltr'><strong>neuque</strong></span> <span class='ocrx_word' id='word_1_217' title='bbox 306 1781 338 1830; x_wconf 87' lang='lat' dir='ltr'><strong>do</strong></span> <span class='ocrx_word' id='word_1_218' title='bbox 357 1780 444 1829; x_wconf 85' lang='lat' dir='ltr'><strong>eadem</strong></span> <span class='ocrx_word' id='word_1_219' title='bbox 456 1780 580 1840; x_wconf 78' lang='lat' dir='ltr'><strong>Sapientia</strong></span> <span class='ocrx_word' id='word_1_220' title='bbox 588 1779 655 1837; x_wconf 63' lang='lat' dir='ltr'><strong>„hoc</strong></span> <span class='ocrx_word' id='word_1_221' title='bbox 679 1781 743 1840; x_wconf 75' lang='lat' dir='ltr'><strong>ipro‘:</strong></span> <span class='ocrx_word' id='word_1_222' title='bbox 755 1784 777 1829; x_wconf 83' lang='lat' dir='ltr'><strong>el</strong></span> <span class='ocrx_word' id='word_1_223' title='bbox 795 1795 856 1830; x_wconf 79' lang='lat' dir='ltr'><strong>euru</strong></span> <span class='ocrx_word' id='word_1_224' title='bbox 866 1784 981 1830; x_wconf 82' lang='lat' dir='ltr'><strong>Dourinus</strong></span> <span class='ocrx_word' id='word_1_225' title='bbox 992 1783 1059 1830; x_wconf 77' lang='lat' dir='ltr'><strong>iesus</strong></span> <span class='ocrx_word' id='word_1_226' title='bbox 1065 1812 1074 1839; x_wconf 92' lang='lat'><strong>,</strong></span> <span class='ocrx_word' id='word_1_227' title='bbox 1088 1792 1132 1841; x_wconf 84' lang='lat' dir='ltr'><strong>per</strong></span> <span class='ocrx_word' id='word_1_228' title='bbox 1142 1793 1210 1841; x_wconf 73' lang='lat' dir='ltr'><strong>pem</strong></span> 
     </span>
     <span class='ocr_line' id='line_1_24' title="bbox 126 1846 1209 1912; baseline -0.003 -13"><span class='ocrx_word' id='word_1_229' title='bbox 126 1851 178 1912; x_wconf 86' lang='lat' dir='ltr'><strong>est,</strong></span> <span class='ocrx_word' id='word_1_230' title='bbox 187 1849 220 1899; x_wconf 85' lang='lat' dir='ltr'><strong>ds</strong></span> <span class='ocrx_word' id='word_1_231' title='bbox 229 1849 335 1897; x_wconf 64' lang='lat' dir='ltr'><strong>mantuo</strong></span> <span class='ocrx_word' id='word_1_232' title='bbox 344 1849 416 1907; x_wconf 89' lang='lat' dir='ltr'><strong>iesu,</strong></span> <span class='ocrx_word' id='word_1_233' title='bbox 427 1847 487 1895; x_wconf 79' lang='lat' dir='ltr'><strong>alibi</strong></span> <span class='ocrx_word' id='word_1_234' title='bbox 498 1848 570 1895; x_wconf 80' lang='lat' dir='ltr'><strong>Potor</strong></span> <span class='ocrx_word' id='word_1_235' title='bbox 578 1846 654 1895; x_wconf 86' lang='lat' dir='ltr'><strong>dicit:</strong></span> <span class='ocrx_word' id='word_1_236' title='bbox 678 1852 773 1908; x_wconf 83' lang='lat' dir='ltr'><strong>omnic,</strong></span> <span class='ocrx_word' id='word_1_237' title='bbox 784 1853 806 1898; x_wconf 78' lang='lat' dir='ltr'><strong>rt</strong></span> <span class='ocrx_word' id='word_1_238' title='bbox 817 1863 858 1899; x_wconf 83' lang='lat' dir='ltr'><strong>uos</strong></span> <span class='ocrx_word' id='word_1_239' title='bbox 867 1865 910 1912; x_wconf 85' lang='lat' dir='ltr'><strong>per</strong></span> <span class='ocrx_word' id='word_1_240' title='bbox 921 1853 1006 1912; x_wconf 74' lang='lat' dir='ltr'><strong>ipsein.</strong></span> <span class='ocrx_word' id='word_1_241' title='bbox 1019 1849 1167 1896; x_wconf 82' lang='lat' dir='ltr'><strong>Unusucius</strong></span> <span class='ocrx_word' id='word_1_242' title='bbox 1177 1859 1209 1896; x_wconf 82' lang='lat' dir='ltr'><strong>ex</strong></span> 
     </span>
     <span class='ocr_line' id='line_1_25' title="bbox 126 1916 1209 1980; baseline -0.005 -11"><span class='ocrx_word' id='word_1_243' title='bbox 126 1920 305 1969; x_wconf 60' lang='lat' dir='ltr'><strong>&amp;munte</strong></span> <span class='ocrx_word' id='word_1_244' title='bbox 321 1918 443 1977; x_wconf 70' lang='lat' dir='ltr'><strong>inciserunt</strong></span> <span class='ocrx_word' id='word_1_245' title='bbox 455 1917 524 1977; x_wconf 77' lang='lat' dir='ltr'><strong>penul</strong></span> <span class='ocrx_word' id='word_1_246' title='bbox 538 1917 568 1964; x_wconf 85' lang='lat' dir='ltr'><strong>tr.</strong></span> <span class='ocrx_word' id='word_1_247' title='bbox 679 1919 750 1965; x_wconf 84' lang='lat' dir='ltr'><strong>Patre</strong></span> <span class='ocrx_word' id='word_1_248' title='bbox 765 1919 882 1968; x_wconf 85' lang='lat' dir='ltr'><strong>Dominus</strong></span> <span class='ocrx_word' id='word_1_249' title='bbox 891 1921 976 1980; x_wconf 81' lang='lat' dir='ltr'><strong>iesus,</strong></span> <span class='ocrx_word' id='word_1_250' title='bbox 986 1921 1012 1968; x_wconf 85' lang='lat' dir='ltr'><strong>et</strong></span> <span class='ocrx_word' id='word_1_251' title='bbox 1028 1918 1085 1966; x_wconf 88' lang='lat' dir='ltr'><strong>ideo</strong></span> <span class='ocrx_word' id='word_1_252' title='bbox 1094 1916 1209 1978; x_wconf 61' lang='lat' dir='ltr'><strong>unigeni·</strong></span> 
     </span>
     <span class='ocr_line' id='line_1_26' title="bbox 155 1985 1208 2050; baseline -0.002 -12"><span class='ocrx_word' id='word_1_253' title='bbox 155 1988 197 2039; x_wconf 75' lang='lat'><strong>88.</strong></span> <span class='ocrx_word' id='word_1_254' title='bbox 216 1987 289 2048; x_wconf 79' lang='lat' dir='ltr'><strong>Quod</strong></span> <span class='ocrx_word' id='word_1_255' title='bbox 297 1988 382 2049; x_wconf 87' lang='lat' dir='ltr'><strong>ntique</strong></span> <span class='ocrx_word' id='word_1_256' title='bbox 401 1985 457 2034; x_wconf 84' lang='lat' dir='ltr'><strong>ideo</strong></span> <span class='ocrx_word' id='word_1_257' title='bbox 468 1986 550 2044; x_wconf 83' lang='lat' dir='ltr'><strong>dixit,</strong></span> <span class='ocrx_word' id='word_1_258' title='bbox 567 1996 616 2032; x_wconf 87' lang='lat' dir='ltr'><strong>non</strong></span> <span class='ocrx_word' id='word_1_259' title='bbox 625 1986 655 2033; x_wconf 92' lang='lat' dir='ltr'><strong>ut</strong></span> <span class='ocrx_word' id='word_1_260' title='bbox 679 1990 727 2034; x_wconf 87' lang='lat' dir='ltr'><strong>tus.</strong></span> <span class='ocrx_word' id='word_1_261' title='bbox 741 1991 804 2037; x_wconf 81' lang='lat' dir='ltr'><strong>Unus</strong></span> <span class='ocrx_word' id='word_1_262' title='bbox 820 1992 842 2038; x_wconf 86' lang='lat' dir='ltr'><strong>cl</strong></span> <span class='ocrx_word' id='word_1_263' title='bbox 857 1991 952 2050; x_wconf 83' lang='lat' dir='ltr'><strong>spirituc</strong></span> <span class='ocrx_word' id='word_1_264' title='bbox 968 1991 1083 2048; x_wconf 62' lang='lat' dir='ltr'><strong>Suum,</strong></span> <span class='ocrx_word' id='word_1_265' title='bbox 1097 1988 1127 2036; x_wconf 91' lang='lat' dir='ltr'><strong>ut</strong></span> <span class='ocrx_word' id='word_1_266' title='bbox 1142 1987 1208 2036; x_wconf 83' lang='lat' dir='ltr'><strong>idem</strong></span> 
     </span>
     <span class='ocr_line' id='line_1_27' title="bbox 126 2053 1209 2118; baseline 0.003 -16"><span class='ocrx_word' id='word_1_267' title='bbox 126 2056 277 2117; x_wconf 81' lang='lat' dir='ltr'><strong>corporalem</strong></span> <span class='ocrx_word' id='word_1_268' title='bbox 294 2056 377 2101; x_wconf 83' lang='lat' dir='ltr'><strong>airum</strong></span> <span class='ocrx_word' id='word_1_269' title='bbox 398 2054 550 2113; x_wconf 83' lang='lat' dir='ltr'><strong>declararet,</strong></span> <span class='ocrx_word' id='word_1_270' title='bbox 567 2053 611 2101; x_wconf 82' lang='lat' dir='ltr'><strong>sed</strong></span> <span class='ocrx_word' id='word_1_271' title='bbox 627 2053 655 2100; x_wconf 91' lang='lat' dir='ltr'><strong>nt</strong></span> <span class='ocrx_word' id='word_1_272' title='bbox 680 2057 806 2116; x_wconf 78' lang='lat' dir='ltr'><strong>Apostolus</strong></span> <span class='ocrx_word' id='word_1_273' title='bbox 816 2057 881 2105; x_wconf 83' lang='lat' dir='ltr'><strong>dixit</strong></span> <span class='ocrx_word' id='word_1_274' title='bbox 893 2072 900 2104; x_wconf 77' lang='lat' dir='ltr'><strong>t</strong></span> <span class='ocrx_word' id='word_1_275' title='bbox 910 2058 950 2106; x_wconf 89' lang='lat' dir='ltr'><strong>Sic</strong></span> <span class='ocrx_word' id='word_1_276' title='bbox 961 2056 1112 2118; x_wconf 82' lang='lat' dir='ltr'><strong>accipimus,</strong></span> <span class='ocrx_word' id='word_1_277' title='bbox 1123 2056 1159 2104; x_wconf 86' lang='lat' dir='ltr'><strong>sie</strong></span> <span class='ocrx_word' id='word_1_278' title='bbox 1171 2057 1209 2105; x_wconf 91' lang='lat' dir='ltr'><strong>ie-</strong></span> 
     </span>
     <span class='ocr_line' id='line_1_28' title="bbox 126 2122 1209 2186; baseline -0.001 -12"><span class='ocrx_word' id='word_1_279' title='bbox 126 2124 303 2186; x_wconf 75' lang='lat' dir='ltr'><strong>proprietatem</strong></span> <span class='ocrx_word' id='word_1_280' title='bbox 318 2134 383 2170; x_wconf 74' lang='lat' dir='ltr'><strong>veras</strong></span> <span class='ocrx_word' id='word_1_281' title='bbox 392 2122 558 2182; x_wconf 71' lang='lat' dir='ltr'><strong>generationis</strong></span> <span class='ocrx_word' id='word_1_282' title='bbox 572 2123 655 2169; x_wconf 88' lang='lat' dir='ltr'><strong>osten·</strong></span> <span class='ocrx_word' id='word_1_283' title='bbox 678 2125 815 2185; x_wconf 75' lang='lat' dir='ltr'><strong>plinus,sic</strong></span> <span class='ocrx_word' id='word_1_284' title='bbox 826 2128 949 2175; x_wconf 86' lang='lat' dir='ltr'><strong>tenemus.</strong></span> <span class='ocrx_word' id='word_1_285' title='bbox 962 2125 1152 2174; x_wconf 83' lang='lat' dir='ltr'><strong>ilistinctionem</strong></span> <span class='ocrx_word' id='word_1_286' title='bbox 1160 2126 1209 2173; x_wconf 83' lang='lat' dir='ltr'><strong>sci-</strong></span> 
     </span>
     <span class='ocr_line' id='line_1_29' title="bbox 122 2189 1209 2251; baseline -0.001 -9"><span class='ocrx_word' id='word_1_287' title='bbox 122 2191 207 2242; x_wconf 78' lang='lat' dir='ltr'><strong>dsret.</strong></span> <span class='ocrx_word' id='word_1_288' title='bbox 218 2193 278 2239; x_wconf 82' lang='lat' dir='ltr'><strong>Nam</strong></span> <span class='ocrx_word' id='word_1_289' title='bbox 295 2191 316 2239; x_wconf 84' lang='lat' dir='ltr'><strong>si</strong></span> <span class='ocrx_word' id='word_1_290' title='bbox 327 2190 358 2238; x_wconf 85' lang='lat' dir='ltr'><strong>ad</strong></span> <span class='ocrx_word' id='word_1_291' title='bbox 371 2191 522 2251; x_wconf 75' lang='lat' dir='ltr'><strong>corporalem</strong></span> <span class='ocrx_word' id='word_1_292' title='bbox 544 2189 653 2250; x_wconf 82' lang='lat' dir='ltr'><strong>releras3</strong></span> <span class='ocrx_word' id='word_1_293' title='bbox 679 2200 745 2251; x_wconf 83' lang='lat' dir='ltr'><strong>mus,</strong></span> <span class='ocrx_word' id='word_1_294' title='bbox 753 2194 847 2241; x_wconf 85' lang='lat' dir='ltr'><strong>secreta</strong></span> <span class='ocrx_word' id='word_1_295' title='bbox 855 2195 978 2242; x_wconf 87' lang='lat' dir='ltr'><strong>nescimus</strong></span> <span class='ocrx_word' id='word_1_296' title='bbox 987 2207 994 2240; x_wconf 78' lang='lat' dir='ltr'><strong>a</strong></span> <span class='ocrx_word' id='word_1_297' title='bbox 1003 2204 1089 2241; x_wconf 69' lang='lat' dir='ltr'><strong>cauus</strong></span> <span class='ocrx_word' id='word_1_298' title='bbox 1099 2204 1151 2241; x_wconf 88' lang='lat' dir='ltr'><strong>nou</strong></span> <span class='ocrx_word' id='word_1_299' title='bbox 1158 2193 1209 2241; x_wconf 89' lang='lat' dir='ltr'><strong>dis-</strong></span> 
     </span>
     <span class='ocr_line' id='line_1_30' title="bbox 127 2257 1114 2322; baseline 0.001 -13"><span class='ocrx_word' id='word_1_300' title='bbox 127 2272 185 2322; x_wconf 70' lang='lat' dir='ltr'><strong>emo</strong></span> <span class='ocrx_word' id='word_1_301' title='bbox 199 2261 355 2320; x_wconf 82' lang='lat' dir='ltr'><strong>omnipotens</strong></span> <span class='ocrx_word' id='word_1_302' title='bbox 372 2259 444 2307; x_wconf 81' lang='lat' dir='ltr'><strong>Pater</strong></span> <span class='ocrx_word' id='word_1_303' title='bbox 462 2272 519 2307; x_wconf 91' lang='lat' dir='ltr'><strong>cum</strong></span> <span class='ocrx_word' id='word_1_304' title='bbox 533 2257 616 2307; x_wconf 88' lang='lat' dir='ltr'><strong>dolore</strong></span> <span class='ocrx_word' id='word_1_305' title='bbox 629 2263 653 2307; x_wconf 88' lang='lat' dir='ltr'><strong>et</strong></span> <span class='ocrx_word' id='word_1_306' title='bbox 679 2259 800 2319; x_wconf 80' lang='lat' dir='ltr'><strong>antimus,</strong></span> <span class='ocrx_word' id='word_1_307' title='bbox 816 2265 967 2310; x_wconf 86' lang='lat' dir='ltr'><strong>sacramenia</strong></span> <span class='ocrx_word' id='word_1_308' title='bbox 978 2273 1114 2310; x_wconf 75' lang='lat' dir='ltr'><strong>servamus.</strong></span> 
     </span>
     <span class='ocr_line' id='line_1_31' title="bbox 126 2328 1206 2392; baseline -0.002 -12"><span class='ocrx_word' id='word_1_309' title='bbox 126 2329 286 2392; x_wconf 73' lang='lat' dir='ltr'><strong>conceptione</strong></span> <span class='ocrx_word' id='word_1_310' title='bbox 305 2331 440 2389; x_wconf 77' lang='lat' dir='ltr'><strong>reserarit.</strong></span> <span class='ocrx_word' id='word_1_311' title='bbox 461 2329 510 2377; x_wconf 86' lang='lat' dir='ltr'><strong>sed</strong></span> <span class='ocrx_word' id='word_1_312' title='bbox 530 2328 608 2388; x_wconf 83' lang='lat' dir='ltr'><strong>absit,</strong></span> <span class='ocrx_word' id='word_1_313' title='bbox 627 2330 654 2376; x_wconf 94' lang='lat' dir='ltr'><strong>ut</strong></span> <span class='ocrx_word' id='word_1_314' title='bbox 708 2328 747 2377; x_wconf 71' lang='lat' dir='ltr'><strong>ti.</strong></span> <span class='ocrx_word' id='word_1_315' title='bbox 759 2329 861 2383; x_wconf 75' lang='lat' dir='ltr'><strong>Facinus</strong></span> <span class='ocrx_word' id='word_1_316' title='bbox 876 2330 1054 2391; x_wconf 59' lang='lat' dir='ltr'><strong>indignemini</strong></span> <span class='ocrx_word' id='word_1_317' title='bbox 1068 2328 1111 2390; x_wconf 80' lang='lat' dir='ltr'><strong>qut</strong></span> <span class='ocrx_word' id='word_1_318' title='bbox 1133 2342 1206 2390; x_wconf 72' lang='lat' dir='ltr'><strong>gene·</strong></span> 
     </span>
     <span class='ocr_line' id='line_1_32' title="bbox 126 2397 1208 2459; baseline -0.001 -11"><span class='ocrx_word' id='word_1_319' title='bbox 126 2397 653 2459; x_wconf 72' lang='lat' dir='ltr'><strong>neuneuinfirmitatecorporismetiamur.</strong></span> <span class='ocrx_word' id='word_1_320' title='bbox 678 2397 780 2444; x_wconf 84' lang='lat' dir='ltr'><strong>rationis</strong></span> <span class='ocrx_word' id='word_1_321' title='bbox 796 2409 847 2447; x_wconf 78' lang='lat' dir='ltr'><strong>suaa</strong></span> <span class='ocrx_word' id='word_1_322' title='bbox 866 2398 1008 2448; x_wconf 83' lang='lat' dir='ltr'><strong>laenitatem</strong></span> <span class='ocrx_word' id='word_1_323' title='bbox 1029 2410 1078 2445; x_wconf 91' lang='lat' dir='ltr'><strong>nou</strong></span> <span class='ocrx_word' id='word_1_324' title='bbox 1101 2398 1208 2458; x_wconf 81' lang='lat' dir='ltr'><strong>habeut,</strong></span> 
     </span>
     <span class='ocr_line' id='line_1_33' title="bbox 125 2464 1210 2529; baseline -0.001 -14"><span class='ocrx_word' id='word_1_325' title='bbox 125 2467 168 2516; x_wconf 68' lang='lat' dir='ltr'><strong>bt</strong></span> <span class='ocrx_word' id='word_1_326' title='bbox 182 2467 281 2529; x_wconf 78' lang='lat' dir='ltr'><strong>quidam</strong></span> <span class='ocrx_word' id='word_1_327' title='bbox 300 2468 386 2515; x_wconf 85' lang='lat' dir='ltr'><strong>uterus</strong></span> <span class='ocrx_word' id='word_1_328' title='bbox 402 2468 512 2527; x_wconf 74' lang='lat' dir='ltr'><strong>palerna</strong></span> <span class='ocrx_word' id='word_1_329' title='bbox 539 2476 653 2514; x_wconf 85' lang='lat' dir='ltr'><strong>arcanum</strong></span> <span class='ocrx_word' id='word_1_330' title='bbox 678 2464 769 2512; x_wconf 74' lang='lat' dir='ltr'><strong>divine·</strong></span> <span class='ocrx_word' id='word_1_331' title='bbox 786 2466 951 2525; x_wconf 68' lang='lat' dir='ltr'><strong>generationis</strong></span> <span class='ocrx_word' id='word_1_332' title='bbox 962 2478 1067 2514; x_wconf 83' lang='lat' dir='ltr'><strong>examen</strong></span> <span class='ocrx_word' id='word_1_333' title='bbox 1084 2466 1210 2514; x_wconf 84' lang='lat' dir='ltr'><strong>sibiarro·</strong></span> 
     </span>
     <span class='ocr_line' id='line_1_34' title="bbox 125 2534 1208 2600; baseline -0.002 -17"><span class='ocrx_word' id='word_1_334' title='bbox 125 2534 654 2595; x_wconf 75' lang='lat' dir='ltr'><strong>substantia,interiusqnesecretum,qnod</strong></span> <span class='ocrx_word' id='word_1_335' title='bbox 677 2535 750 2600; x_wconf 69' lang='lat' dir='ltr'><strong>pent,</strong></span> <span class='ocrx_word' id='word_1_336' title='bbox 771 2535 898 2583; x_wconf 84' lang='lat' dir='ltr'><strong>vindicent</strong></span> <span class='ocrx_word' id='word_1_337' title='bbox 924 2534 1084 2597; x_wconf 85' lang='lat' dir='ltr'><strong>potestatem!</strong></span> <span class='ocrx_word' id='word_1_338' title='bbox 1114 2536 1208 2595; x_wconf 70' lang='lat' dir='ltr'><strong>Negent</strong></span> 
     </span>
     <span class='ocr_line' id='line_1_35' title="bbox 125 2603 1206 2665; baseline -0.001 -14"><span class='ocrx_word' id='word_1_339' title='bbox 125 2615 176 2652; x_wconf 92' lang='lat' dir='ltr'><strong>nou</strong></span> <span class='ocrx_word' id='word_1_340' title='bbox 193 2604 293 2665; x_wconf 66' lang='lat' dir='ltr'><strong>infleti,</strong></span> <span class='ocrx_word' id='word_1_341' title='bbox 308 2616 357 2652; x_wconf 89' lang='lat' dir='ltr'><strong>non</strong></span> <span class='ocrx_word' id='word_1_342' title='bbox 371 2603 531 2664; x_wconf 67' lang='lat' dir='ltr'><strong>Archangeli,</strong></span> <span class='ocrx_word' id='word_1_343' title='bbox 548 2615 598 2650; x_wconf 91' lang='lat' dir='ltr'><strong>nou</strong></span> <span class='ocrx_word' id='word_1_344' title='bbox 609 2604 654 2650; x_wconf 81' lang='lat' dir='ltr'><strong>l‘o-</strong></span> <span class='ocrx_word' id='word_1_345' title='bbox 679 2614 735 2662; x_wconf 73' lang='lat' dir='ltr'><strong>orgo</strong></span> <span class='ocrx_word' id='word_1_346' title='bbox 753 2604 873 2664; x_wconf 82' lang='lat' dir='ltr'><strong>aequalem</strong></span> <span class='ocrx_word' id='word_1_347' title='bbox 891 2605 956 2652; x_wconf 81' lang='lat' dir='ltr'><strong>Patri</strong></span> <span class='ocrx_word' id='word_1_348' title='bbox 968 2605 1070 2664; x_wconf 74' lang='lat' dir='ltr'><strong>Filium,</strong></span> <span class='ocrx_word' id='word_1_349' title='bbox 1085 2605 1143 2665; x_wconf 88' lang='lat' dir='ltr'><strong>qnia</strong></span> <span class='ocrx_word' id='word_1_350' title='bbox 1158 2617 1206 2652; x_wconf 78' lang='lat' dir='ltr'><strong>noir</strong></span> 
     </span>
     <span class='ocr_line' id='line_1_36' title="bbox 125 2672 1206 2734; baseline -0.002 -13"><span class='ocrx_word' id='word_1_351' title='bbox 125 2672 240 2731; x_wconf 82' lang='lat' dir='ltr'><strong>testatos,</strong></span> <span class='ocrx_word' id='word_1_352' title='bbox 251 2684 300 2720; x_wconf 90' lang='lat' dir='ltr'><strong>non</strong></span> <span class='ocrx_word' id='word_1_353' title='bbox 311 2673 507 2730; x_wconf 83' lang='lat' dir='ltr'><strong>Domiuatioues,</strong></span> <span class='ocrx_word' id='word_1_354' title='bbox 516 2684 564 2718; x_wconf 92' lang='lat' dir='ltr'><strong>non</strong></span> <span class='ocrx_word' id='word_1_355' title='bbox 573 2672 654 2731; x_wconf 86' lang='lat' dir='ltr'><strong>aliquo</strong></span> <span class='ocrx_word' id='word_1_356' title='bbox 677 2673 805 2728; x_wconf 66' lang='lat' dir='ltr'><strong>cenerarii</strong></span> <span class='ocrx_word' id='word_1_357' title='bbox 816 2673 1130 2734; x_wconf 75' lang='lat' dir='ltr'><strong>Filiusznepentaequalem</strong></span> <span class='ocrx_word' id='word_1_358' title='bbox 1142 2673 1206 2720; x_wconf 79' lang='lat' dir='ltr'><strong>Patri</strong></span> 
     </span>
     <span class='ocr_line' id='line_1_37' title="bbox 126 2736 1207 2800; baseline -0.003 -12"><span class='ocrx_word' id='word_1_359' title='bbox 126 2741 292 2788; x_wconf 72' lang='lat' dir='ltr'><strong>reuisurum</strong></span> <span class='ocrx_word' id='word_1_360' title='bbox 310 2740 391 2799; x_wconf 87' lang='lat' dir='ltr'><strong>potuit</strong></span> <span class='ocrx_word' id='word_1_361' title='bbox 408 2741 538 2798; x_wconf 88' lang='lat' dir='ltr'><strong>penetrare</strong></span> <span class='ocrx_word' id='word_1_362' title='bbox 556 2741 653 2786; x_wconf 86' lang='lat' dir='ltr'><strong>natura.</strong></span> <span class='ocrx_word' id='word_1_363' title='bbox 679 2736 782 2799; x_wconf 77' lang='lat' dir='ltr'><strong>Filium,</strong></span> <span class='ocrx_word' id='word_1_364' title='bbox 795 2741 852 2800; x_wconf 81' lang='lat' dir='ltr'><strong>quia</strong></span> <span class='ocrx_word' id='word_1_365' title='bbox 867 2741 964 2788; x_wconf 83' lang='lat' dir='ltr'><strong>Patrem</strong></span> <span class='ocrx_word' id='word_1_366' title='bbox 980 2741 1063 2788; x_wconf 83' lang='lat' dir='ltr'><strong>habet.</strong></span> <span class='ocrx_word' id='word_1_367' title='bbox 1080 2741 1207 2787; x_wconf 80' lang='lat' dir='ltr'><strong>liceatne</strong></span> 
     </span>
     <span class='ocr_line' id='line_1_38' title="bbox 125 2805 1208 2870; baseline -0.003 -14"><span class='ocrx_word' id='word_1_368' title='bbox 125 2808 186 2856; x_wconf 67' lang='lat' dir='ltr'><strong>mm</strong></span> <span class='ocrx_word' id='word_1_369' title='bbox 200 2806 272 2855; x_wconf 76' lang='lat' dir='ltr'><strong>Patre</strong></span> <span class='ocrx_word' id='word_1_370' title='bbox 283 2809 351 2854; x_wconf 85' lang='lat' dir='ltr'><strong>euim</strong></span> <span class='ocrx_word' id='word_1_371' title='bbox 372 2818 483 2870; x_wconf 72' lang='lat' dir='ltr'><strong>semper,</strong></span> <span class='ocrx_word' id='word_1_372' title='bbox 499 2810 525 2855; x_wconf 91' lang='lat' dir='ltr'><strong>et</strong></span> <span class='ocrx_word' id='word_1_373' title='bbox 542 2808 567 2853; x_wconf 90' lang='lat' dir='ltr'><strong>in</strong></span> <span class='ocrx_word' id='word_1_374' title='bbox 583 2808 653 2855; x_wconf 83' lang='lat' dir='ltr'><strong>Patre</strong></span> <span class='ocrx_word' id='word_1_375' title='bbox 680 2805 820 2855; x_wconf 81' lang='lat' dir='ltr'><strong>homiuibus</strong></span> <span class='ocrx_word' id='word_1_376' title='bbox 830 2809 955 2870; x_wconf 82' lang='lat' dir='ltr'><strong>dicerent,</strong></span> <span class='ocrx_word' id='word_1_377' title='bbox 966 2809 1155 2869; x_wconf 79' lang='lat' dir='ltr'><strong>quorumaliqui</strong></span> <span class='ocrx_word' id='word_1_378' title='bbox 1165 2822 1208 2855; x_wconf 82' lang='lat' dir='ltr'><strong>vo·</strong></span> 
     </span>
     <span class='ocr_line' id='line_1_39' title="bbox 125 2872 1207 2938; baseline 0.007 -22"><span class='ocrx_word' id='word_1_379' title='bbox 125 2887 223 2937; x_wconf 65' lang='lat' dir='ltr'><strong>semper</strong></span> <span class='ocrx_word' id='word_1_380' title='bbox 238 2876 276 2923; x_wconf 76' lang='lat' dir='ltr'><strong>est</strong></span> <span class='ocrx_word' id='word_1_381' title='bbox 291 2875 368 2922; x_wconf 80' lang='lat' dir='ltr'><strong>Filius</strong></span> <span class='ocrx_word' id='word_1_382' title='bbox 378 2888 385 2921; x_wconf 68' lang='grc' dir='ltr'><strong><em>ε</em></strong></span> <span class='ocrx_word' id='word_1_383' title='bbox 395 2887 450 2921; x_wconf 81' lang='lat' dir='ltr'><strong>cum</strong></span> <span class='ocrx_word' id='word_1_384' title='bbox 459 2876 531 2923; x_wconf 79' lang='lat' dir='ltr'><strong>Patre</strong></span> <span class='ocrx_word' id='word_1_385' title='bbox 546 2888 592 2935; x_wconf 78' lang='lat' dir='ltr'><strong>pel·</strong></span> <span class='ocrx_word' id='word_1_386' title='bbox 604 2876 654 2923; x_wconf 75' lang='lat' dir='ltr'><strong>dis-</strong></span> <span class='ocrx_word' id='word_1_387' title='bbox 678 2872 732 2920; x_wconf 82' lang='lat' dir='ltr'><strong>lunt</strong></span> <span class='ocrx_word' id='word_1_388' title='bbox 749 2875 813 2924; x_wconf 77' lang='lat' dir='ltr'><strong>filios</strong></span> <span class='ocrx_word' id='word_1_389' title='bbox 823 2877 929 2937; x_wconf 76' lang='lat' dir='ltr'><strong>habere,</strong></span> <span class='ocrx_word' id='word_1_390' title='bbox 947 2889 994 2925; x_wconf 80' lang='lat' dir='ltr'><strong>nec</strong></span> <span class='ocrx_word' id='word_1_391' title='bbox 1006 2879 1121 2938; x_wconf 62' lang='lat' dir='ltr'><strong>limittit,</strong></span> <span class='ocrx_word' id='word_1_392' title='bbox 1141 2877 1207 2935; x_wconf 79' lang='lat' dir='ltr'><strong>inju-</strong></span> 
     </span>
     <span class='ocr_line' id='line_1_40' title="bbox 125 2941 1207 3003; baseline 0.001 -11"><span class='ocrx_word' id='word_1_393' title='bbox 125 2942 273 2993; x_wconf 87' lang='lat' dir='ltr'><strong>tiocttonem</strong></span> <span class='ocrx_word' id='word_1_394' title='bbox 296 2943 502 2990; x_wconf 83' lang='lat' dir='ltr'><strong>indissociabilem</strong></span> <span class='ocrx_word' id='word_1_395' title='bbox 527 2945 653 2992; x_wconf 81' lang='lat' dir='ltr'><strong>Trinitatis</strong></span> <span class='ocrx_word' id='word_1_396' title='bbox 678 2941 739 2997; x_wconf 65' lang='lat' dir='ltr'><strong>,riam</strong></span> <span class='ocrx_word' id='word_1_397' title='bbox 750 2946 952 3003; x_wconf 76' lang='lat' dir='ltr'><strong>putaremuststc</strong></span> <span class='ocrx_word' id='word_1_398' title='bbox 963 2946 1207 2994; x_wconf 84' lang='lat' dir='ltr'><strong>etiamsiioterducs</strong></span> 
     </span>
     <span class='ocr_line' id='line_1_41' title="bbox 125 3008 1207 3075; baseline 0.007 -20"><span class='ocrx_word' id='word_1_399' title='bbox 125 3013 238 3074; x_wconf 70' lang='lat' dir='ltr'><strong>aterum,</strong></span> <span class='ocrx_word' id='word_1_400' title='bbox 253 3011 280 3061; x_wconf 82' lang='lat' dir='ltr'><strong>ln</strong></span> <span class='ocrx_word' id='word_1_401' title='bbox 290 3013 362 3061; x_wconf 78' lang='lat' dir='ltr'><strong>Patre</strong></span> <span class='ocrx_word' id='word_1_402' title='bbox 375 3012 520 3074; x_wconf 71' lang='lat' dir='ltr'><strong>perdicium</strong></span> <span class='ocrx_word' id='word_1_403' title='bbox 531 3013 650 3063; x_wconf 77' lang='lat' dir='ltr'><strong>unitatem</strong></span> <span class='ocrx_word' id='word_1_404' title='bbox 677 3008 769 3060; x_wconf 88' lang='lat' dir='ltr'><strong>honore</strong></span> <span class='ocrx_word' id='word_1_405' title='bbox 784 3026 872 3074; x_wconf 86' lang='lat' dir='ltr'><strong>pares,</strong></span> <span class='ocrx_word' id='word_1_406' title='bbox 891 3015 991 3062; x_wconf 87' lang='lat' dir='ltr'><strong>habenti</strong></span> <span class='ocrx_word' id='word_1_407' title='bbox 1009 3015 1073 3063; x_wconf 87' lang='lat' dir='ltr'><strong>iiiios</strong></span> <span class='ocrx_word' id='word_1_408' title='bbox 1093 3015 1136 3075; x_wconf 84' lang='lat' dir='ltr'><strong>qut</strong></span> <span class='ocrx_word' id='word_1_409' title='bbox 1159 3028 1207 3063; x_wconf 91' lang='lat' dir='ltr'><strong>uon</strong></span> 
     </span>
     <span class='ocr_line' id='line_1_42' title="bbox 125 3078 1208 3144; baseline 0.01 -23"><span class='ocrx_word' id='word_1_410' title='bbox 125 3080 229 3130; x_wconf 70' lang='lat' dir='ltr'><strong>natm.</strong></span> <span class='ocrx_word' id='word_1_411' title='bbox 676 3078 751 3128; x_wconf 86' lang='lat' dir='ltr'><strong>lrabet</strong></span> <span class='ocrx_word' id='word_1_412' title='bbox 766 3085 898 3143; x_wconf 66' lang='lat' dir='ltr'><strong>negaretur</strong></span> <span class='ocrx_word' id='word_1_413' title='bbox 907 3084 1018 3144; x_wconf 76' lang='lat' dir='ltr'><strong>equalis.</strong></span> <span class='ocrx_word' id='word_1_414' title='bbox 1030 3085 1059 3131; x_wconf 80' lang='lat' dir='ltr'><strong>lit</strong></span> <span class='ocrx_word' id='word_1_415' title='bbox 1075 3083 1133 3131; x_wconf 85' lang='lat' dir='ltr'><strong>ideo</strong></span> <span class='ocrx_word' id='word_1_416' title='bbox 1145 3085 1208 3144; x_wconf 89' lang='lat' dir='ltr'><strong>hoc,</strong></span> 
     </span>
     <span class='ocr_line' id='line_1_43' title="bbox 153 3147 1208 3213; baseline 0 -13"><span class='ocrx_word' id='word_1_417' title='bbox 153 3148 194 3200; x_wconf 65' lang='lat' dir='ltr'><strong>w.</strong></span> <span class='ocrx_word' id='word_1_418' title='bbox 204 3149 264 3209; x_wconf 79' lang='lat' dir='ltr'><strong>Quis</strong></span> <span class='ocrx_word' id='word_1_419' title='bbox 274 3151 350 3212; x_wconf 66' lang='lat' dir='ltr'><strong>igilur</strong></span> <span class='ocrx_word' id='word_1_420' title='bbox 360 3150 402 3199; x_wconf 81' lang='lat' dir='ltr'><strong>iric</strong></span> <span class='ocrx_word' id='word_1_421' title='bbox 413 3148 651 3201; x_wconf 85' lang='lat' dir='ltr'><strong>arbiterdirinlialis</strong></span> <span class='ocrx_word' id='word_1_422' title='bbox 676 3147 790 3209; x_wconf 81' lang='lat' dir='ltr'><strong>inquam,</strong></span> <span class='ocrx_word' id='word_1_423' title='bbox 810 3164 884 3212; x_wconf 75' lang='lat' dir='ltr'><strong>prere</strong></span> <span class='ocrx_word' id='word_1_424' title='bbox 901 3153 972 3201; x_wconf 88' lang='lat' dir='ltr'><strong>etde</strong></span> <span class='ocrx_word' id='word_1_425' title='bbox 990 3152 1051 3213; x_wconf 87' lang='lat' dir='ltr'><strong>ipsis</strong></span> <span class='ocrx_word' id='word_1_426' title='bbox 1065 3153 1208 3200; x_wconf 79' lang='lat' dir='ltr'><strong>hominibus</strong></span> 
     </span>
     <span class='ocr_line' id='line_1_44' title="bbox 123 3217 1207 3282; baseline 0 -13"><span class='ocrx_word' id='word_1_427' title='bbox 123 3218 167 3279; x_wconf 70' lang='lat' dir='ltr'><strong>qut</strong></span> <span class='ocrx_word' id='word_1_428' title='bbox 181 3217 298 3269; x_wconf 82' lang='lat' dir='ltr'><strong>disentiat</strong></span> <span class='ocrx_word' id='word_1_429' title='bbox 314 3221 410 3268; x_wconf 80' lang='lat' dir='ltr'><strong>Patrem</strong></span> <span class='ocrx_word' id='word_1_430' title='bbox 426 3232 454 3268; x_wconf 91' lang='lat' dir='ltr'><strong>ac</strong></span> <span class='ocrx_word' id='word_1_431' title='bbox 472 3221 561 3268; x_wconf 74' lang='lat' dir='ltr'><strong>Filium</strong></span> <span class='ocrx_word' id='word_1_432' title='bbox 573 3235 580 3268; x_wconf 74' lang='lat' dir='ltr'><strong>c</strong></span> <span class='ocrx_word' id='word_1_433' title='bbox 593 3222 652 3282; x_wconf 88' lang='lat' dir='ltr'><strong>ilie,</strong></span> <span class='ocrx_word' id='word_1_434' title='bbox 677 3217 789 3278; x_wconf 84' lang='lat' dir='ltr'><strong>videtur,</strong></span> <span class='ocrx_word' id='word_1_435' title='bbox 805 3221 832 3268; x_wconf 93' lang='lat' dir='ltr'><strong>ut</strong></span> <span class='ocrx_word' id='word_1_436' title='bbox 848 3221 904 3282; x_wconf 81' lang='lat' dir='ltr'><strong>quis</strong></span> <span class='ocrx_word' id='word_1_437' title='bbox 921 3222 978 3269; x_wconf 89' lang='lat' dir='ltr'><strong>ideo</strong></span> <span class='ocrx_word' id='word_1_438' title='bbox 992 3222 1074 3269; x_wconf 86' lang='lat' dir='ltr'><strong>minor</strong></span> <span class='ocrx_word' id='word_1_439' title='bbox 1090 3224 1207 3282; x_wconf 90' lang='lat' dir='ltr'><strong>putetur,</strong></span> 
     </span>
     <span class='ocr_line' id='line_1_45' title="bbox 124 3286 1207 3350; baseline 0.001 -13"><span class='ocrx_word' id='word_1_440' title='bbox 124 3297 200 3347; x_wconf 76' lang='lat' dir='ltr'><strong>quare</strong></span> <span class='ocrx_word' id='word_1_441' title='bbox 209 3289 383 3347; x_wconf 67' lang='lat' dir='ltr'><strong>tenerarerite</strong></span> <span class='ocrx_word' id='word_1_442' title='bbox 396 3288 457 3347; x_wconf 80' lang='lat' dir='ltr'><strong>istc,</strong></span> <span class='ocrx_word' id='word_1_443' title='bbox 466 3300 510 3335; x_wconf 92' lang='lat' dir='ltr'><strong>cnr</strong></span> <span class='ocrx_word' id='word_1_444' title='bbox 517 3301 565 3336; x_wconf 90' lang='lat' dir='ltr'><strong>non</strong></span> <span class='ocrx_word' id='word_1_445' title='bbox 576 3302 652 3347; x_wconf 73' lang='lat' dir='ltr'><strong>pene·</strong></span> <span class='ocrx_word' id='word_1_446' title='bbox 675 3286 739 3343; x_wconf 88' lang='lat' dir='ltr'><strong>quod</strong></span> <span class='ocrx_word' id='word_1_447' title='bbox 751 3288 847 3335; x_wconf 81' lang='lat' dir='ltr'><strong>Patrem</strong></span> <span class='ocrx_word' id='word_1_448' title='bbox 857 3290 939 3337; x_wconf 57' lang='lat' dir='ltr'><strong>habu.</strong></span> <span class='ocrx_word' id='word_1_449' title='bbox 948 3290 999 3337; x_wconf 87' lang='lat' dir='ltr'><strong>Nisi</strong></span> <span class='ocrx_word' id='word_1_450' title='bbox 1010 3291 1072 3338; x_wconf 85' lang='lat' dir='ltr'><strong>torto</strong></span> <span class='ocrx_word' id='word_1_451' title='bbox 1081 3291 1207 3350; x_wconf 84' lang='lat' dir='ltr'><strong>tamquam</strong></span> 
     </span>
     <span class='ocr_line' id='line_1_46' title="bbox 122 3355 1204 3419; baseline 0.002 -16"><span class='ocrx_word' id='word_1_452' title='bbox 122 3356 369 3406; x_wconf 79' lang='lat' dir='ltr'><strong>mverittSerruium</strong></span> <span class='ocrx_word' id='word_1_453' title='bbox 377 3369 449 3409; x_wconf 87' lang='lat' dir='ltr'><strong>suum</strong></span> <span class='ocrx_word' id='word_1_454' title='bbox 460 3358 503 3405; x_wconf 92' lang='lat' dir='ltr'><strong>aut</strong></span> <span class='ocrx_word' id='word_1_455' title='bbox 512 3358 657 3406; x_wconf 83' lang='lat' dir='ltr'><strong>ancillulam</strong></span> <span class='ocrx_word' id='word_1_456' title='bbox 676 3355 834 3405; x_wconf 82' lang='lat' dir='ltr'><strong>constitutum</strong></span> <span class='ocrx_word' id='word_1_457' title='bbox 843 3360 868 3405; x_wconf 89' lang='lat' dir='ltr'><strong>iu</strong></span> <span class='ocrx_word' id='word_1_458' title='bbox 880 3359 971 3405; x_wconf 87' lang='lat' dir='ltr'><strong>inmitia</strong></span> <span class='ocrx_word' id='word_1_459' title='bbox 983 3360 1071 3419; x_wconf 82' lang='lat' dir='ltr'><strong>putant</strong></span> <span class='ocrx_word' id='word_1_460' title='bbox 1081 3358 1204 3408; x_wconf 74' lang='lat' dir='ltr'><strong>Christum</strong></span> 
     </span>
     <span class='ocr_line' id='line_1_47' title="bbox 123 3421 1208 3488; baseline 0.004 -17"><span class='ocrx_word' id='word_1_461' title='bbox 123 3433 168 3471; x_wconf 80' lang='lat' dir='ltr'><strong>our</strong></span> <span class='ocrx_word' id='word_1_462' title='bbox 176 3435 226 3472; x_wconf 91' lang='lat' dir='ltr'><strong>non</strong></span> <span class='ocrx_word' id='word_1_463' title='bbox 234 3425 484 3485; x_wconf 72' lang='lat' dir='ltr'><strong>penemrerit,nerno</strong></span> <span class='ocrx_word' id='word_1_464' title='bbox 491 3426 650 3476; x_wconf 80' lang='lat' dir='ltr'><strong>condemnat:</strong></span> <span class='ocrx_word' id='word_1_465' title='bbox 676 3421 775 3485; x_wconf 88' lang='lat' dir='ltr'><strong>dolere,</strong></span> <span class='ocrx_word' id='word_1_466' title='bbox 786 3427 850 3487; x_wconf 88' lang='lat' dir='ltr'><strong>quod</strong></span> <span class='ocrx_word' id='word_1_467' title='bbox 868 3429 1037 3488; x_wconf 86' lang='lat' dir='ltr'><strong>emancipatus</strong></span> <span class='ocrx_word' id='word_1_468' title='bbox 1051 3428 1147 3476; x_wconf 82' lang='lat' dir='ltr'><strong>aPatre</strong></span> <span class='ocrx_word' id='word_1_469' title='bbox 1158 3440 1208 3476; x_wconf 86' lang='lat' dir='ltr'><strong>nou</strong></span> 
     </span>
    </p>
   </div>
   <div class='ocr_carea' id='block_1_3' title="bbox 119 3490 1207 3967">
    <p class='ocr_par' dir='ltr' id='par_1_3' title="bbox 119 3490 1207 3967">
     <span class='ocr_line' id='line_1_48' title="bbox 123 3490 1206 3557; baseline 0.005 -19"><span class='ocrx_word' id='word_1_470' title='bbox 123 3490 165 3540; x_wconf 86' lang='lat' dir='ltr'><strong>isti</strong></span> <span class='ocrx_word' id='word_1_471' title='bbox 177 3492 413 3553; x_wconf 85' lang='lat' dir='ltr'><strong>condemnant,cur</strong></span> <span class='ocrx_word' id='word_1_472' title='bbox 429 3506 477 3542; x_wconf 90' lang='lat' dir='ltr'><strong>non</strong></span> <span class='ocrx_word' id='word_1_473' title='bbox 497 3497 651 3555; x_wconf 69' lang='lat' dir='ltr'><strong>generaverit</strong></span> <span class='ocrx_word' id='word_1_474' title='bbox 675 3496 716 3553; x_wconf 89' lang='lat' dir='ltr'><strong>sil,</strong></span> <span class='ocrx_word' id='word_1_475' title='bbox 737 3496 764 3542; x_wconf 88' lang='lat' dir='ltr'><strong>et</strong></span> <span class='ocrx_word' id='word_1_476' title='bbox 783 3495 968 3544; x_wconf 86' lang='lat' dir='ltr'><strong>administrandi</strong></span> <span class='ocrx_word' id='word_1_477' title='bbox 994 3497 1136 3557; x_wconf 87' lang='lat' dir='ltr'><strong>patrimonii</strong></span> <span class='ocrx_word' id='word_1_478' title='bbox 1158 3509 1206 3545; x_wconf 90' lang='lat' dir='ltr'><strong>non</strong></span> 
     </span>
     <span class='ocr_line' id='line_1_49' title="bbox 122 3558 1206 3625; baseline 0.001 -16"><span class='ocrx_word' id='word_1_479' title='bbox 122 3558 246 3622; x_wconf 79' lang='lat' dir='ltr'><strong>Chrittns3</strong></span> <span class='ocrx_word' id='word_1_480' title='bbox 267 3559 430 3612; x_wconf 85' lang='lat' dir='ltr'><strong>condemnant</strong></span> <span class='ocrx_word' id='word_1_481' title='bbox 448 3564 515 3612; x_wconf 85' lang='lat' dir='ltr'><strong>eninr</strong></span> <span class='ocrx_word' id='word_1_482' title='bbox 535 3577 579 3612; x_wconf 83' lang='lat' dir='ltr'><strong>sua</strong></span> <span class='ocrx_word' id='word_1_483' title='bbox 599 3565 652 3625; x_wconf 91' lang='lat' dir='ltr'><strong>opi·</strong></span> <span class='ocrx_word' id='word_1_484' title='bbox 675 3564 765 3611; x_wconf 87' lang='lat' dir='ltr'><strong>habeat</strong></span> <span class='ocrx_word' id='word_1_485' title='bbox 775 3562 926 3612; x_wconf 84' lang='lat' dir='ltr'><strong>laenitatem.</strong></span> <span class='ocrx_word' id='word_1_486' title='bbox 936 3563 1040 3612; x_wconf 88' lang='lat' dir='ltr'><strong>Sednon</strong></span> <span class='ocrx_word' id='word_1_487' title='bbox 1049 3567 1087 3612; x_wconf 86' lang='lat' dir='ltr'><strong>ost</strong></span> <span class='ocrx_word' id='word_1_488' title='bbox 1095 3565 1206 3613; x_wconf 78' lang='lat' dir='ltr'><strong>christus</strong></span> 
     </span>
     <span class='ocr_line' id='line_1_50' title="bbox 122 3629 1205 3693; baseline 0.003 -16"><span class='ocrx_word' id='word_1_489' title='bbox 122 3629 212 3690; x_wconf 77' lang='lat' dir='ltr'><strong>utone,</strong></span> <span class='ocrx_word' id='word_1_490' title='bbox 233 3642 289 3678; x_wconf 86' lang='lat' dir='ltr'><strong>cum</strong></span> <span class='ocrx_word' id='word_1_491' title='bbox 303 3629 429 3690; x_wconf 65' lang='lat' dir='ltr'><strong>dementat.</strong></span> <span class='ocrx_word' id='word_1_492' title='bbox 439 3632 496 3681; x_wconf 82' lang='lat' dir='ltr'><strong>ltec</strong></span> <span class='ocrx_word' id='word_1_493' title='bbox 505 3633 649 3693; x_wconf 71' lang='lat' dir='ltr'><strong>coniugibus</strong></span> <span class='ocrx_word' id='word_1_494' title='bbox 675 3632 701 3679; x_wconf 90' lang='lat' dir='ltr'><strong>in</strong></span> <span class='ocrx_word' id='word_1_495' title='bbox 712 3631 799 3688; x_wconf 83' lang='lat' dir='ltr'><strong>sacris,</strong></span> <span class='ocrx_word' id='word_1_496' title='bbox 810 3633 927 3691; x_wconf 72' lang='lat' dir='ltr'><strong>quietern</strong></span> <span class='ocrx_word' id='word_1_497' title='bbox 943 3632 1057 3681; x_wconf 83' lang='lat' dir='ltr'><strong>universa</strong></span> <span class='ocrx_word' id='word_1_498' title='bbox 1072 3634 1205 3682; x_wconf 82' lang='lat' dir='ltr'><strong>destruxit.</strong></span> 
     </span>
     <span class='ocr_line' id='line_1_51' title="bbox 123 3697 1207 3764; baseline 0.004 -19"><span class='ocrx_word' id='word_1_499' title='bbox 123 3697 190 3747; x_wconf 78' lang='lat' dir='ltr'><strong>inter</strong></span> <span class='ocrx_word' id='word_1_500' title='bbox 198 3710 226 3748; x_wconf 78' lang='lat' dir='ltr'><strong>se</strong></span> <span class='ocrx_word' id='word_1_501' title='bbox 237 3710 282 3747; x_wconf 87' lang='lat' dir='ltr'><strong>cur</strong></span> <span class='ocrx_word' id='word_1_502' title='bbox 290 3710 339 3746; x_wconf 88' lang='lat' dir='ltr'><strong>non</strong></span> <span class='ocrx_word' id='word_1_503' title='bbox 354 3701 540 3761; x_wconf 64' lang='lat' dir='ltr'><strong>generaverint,</strong></span> <span class='ocrx_word' id='word_1_504' title='bbox 556 3706 599 3749; x_wconf 86' lang='lat' dir='ltr'><strong>aut</strong></span> <span class='ocrx_word' id='word_1_505' title='bbox 610 3715 651 3749; x_wconf 88' lang='lat' dir='ltr'><strong>ca·</strong></span> <span class='ocrx_word' id='word_1_506' title='bbox 703 3701 743 3749; x_wconf 76' lang='lat'><strong>93.</strong></span> <span class='ocrx_word' id='word_1_507' title='bbox 755 3701 879 3759; x_wconf 87' lang='lat' dir='ltr'><strong>Quomodo</strong></span> <span class='ocrx_word' id='word_1_508' title='bbox 891 3701 976 3749; x_wconf 79' lang='lat' dir='ltr'><strong>colunt</strong></span> <span class='ocrx_word' id='word_1_509' title='bbox 990 3703 1092 3762; x_wconf 80' lang='lat' dir='ltr'><strong>tamen,</strong></span> <span class='ocrx_word' id='word_1_510' title='bbox 1103 3715 1207 3764; x_wconf 87' lang='lat' dir='ltr'><strong>respou-</strong></span> 
     </span>
     <span class='ocr_line' id='line_1_52' title="bbox 122 3764 1205 3832; baseline 0.004 -18"><span class='ocrx_word' id='word_1_511' title='bbox 122 3764 182 3816; x_wconf 74' lang='lat' dir='ltr'><strong>riiu</strong></span> <span class='ocrx_word' id='word_1_512' title='bbox 190 3766 323 3829; x_wconf 82' lang='lat' dir='ltr'><strong>minuitur,</strong></span> <span class='ocrx_word' id='word_1_513' title='bbox 333 3769 649 3829; x_wconf 73' lang='lat' dir='ltr'><strong>sulmeritumdempature</strong></span> <span class='ocrx_word' id='word_1_514' title='bbox 674 3768 760 3829; x_wconf 71' lang='lat' dir='ltr'><strong>dmnt,</strong></span> <span class='ocrx_word' id='word_1_515' title='bbox 776 3781 868 3818; x_wconf 82' lang='lat' dir='ltr'><strong>verane</strong></span> <span class='ocrx_word' id='word_1_516' title='bbox 888 3771 1014 3829; x_wconf 74' lang='lat' dir='ltr'><strong>generatio</strong></span> <span class='ocrx_word' id='word_1_517' title='bbox 1028 3770 1074 3832; x_wconf 85' lang='lat' dir='ltr'><strong>sit,</strong></span> <span class='ocrx_word' id='word_1_518' title='bbox 1094 3772 1121 3819; x_wconf 85' lang='lat' dir='ltr'><strong>et</strong></span> <span class='ocrx_word' id='word_1_519' title='bbox 1134 3783 1205 3819; x_wconf 85' lang='lat' dir='ltr'><strong>rems</strong></span> 
     </span>
     <span class='ocr_line' id='line_1_53' title="bbox 119 3833 1205 3899; baseline 0.003 -16"><span class='ocrx_word' id='word_1_520' title='bbox 119 3833 165 3883; x_wconf 84' lang='lat' dir='ltr'><strong>uo</strong></span> <span class='ocrx_word' id='word_1_521' title='bbox 174 3835 233 3898; x_wconf 76' lang='lat' dir='ltr'><strong>quio</strong></span> <span class='ocrx_word' id='word_1_522' title='bbox 241 3848 290 3884; x_wconf 89' lang='lat' dir='ltr'><strong>nou</strong></span> <span class='ocrx_word' id='word_1_523' title='bbox 298 3839 434 3898; x_wconf 73' lang='lat' dir='ltr'><strong>generarit,</strong></span> <span class='ocrx_word' id='word_1_524' title='bbox 441 3837 530 3886; x_wconf 83' lang='lat' dir='ltr'><strong>christi</strong></span> <span class='ocrx_word' id='word_1_525' title='bbox 536 3841 651 3887; x_wconf 86' lang='lat' dir='ltr'><strong>minuunt</strong></span> <span class='ocrx_word' id='word_1_526' title='bbox 675 3838 752 3888; x_wconf 83' lang='lat' dir='ltr'><strong>iilius</strong></span> <span class='ocrx_word' id='word_1_527' title='bbox 763 3851 796 3887; x_wconf 84' lang='lat' dir='ltr'><strong>ex</strong></span> <span class='ocrx_word' id='word_1_528' title='bbox 806 3839 859 3887; x_wconf 84' lang='lat' dir='ltr'><strong>Deo</strong></span> <span class='ocrx_word' id='word_1_529' title='bbox 868 3837 941 3887; x_wconf 79' lang='lat' dir='ltr'><strong>Patro</strong></span> <span class='ocrx_word' id='word_1_530' title='bbox 956 3840 1041 3899; x_wconf 78' lang='lat' dir='ltr'><strong>natus,</strong></span> <span class='ocrx_word' id='word_1_531' title='bbox 1053 3838 1100 3888; x_wconf 86' lang='lat' dir='ltr'><strong>hoc</strong></span> <span class='ocrx_word' id='word_1_532' title='bbox 1110 3842 1161 3899; x_wconf 82' lang='lat' dir='ltr'><strong>esi,</strong></span> <span class='ocrx_word' id='word_1_533' title='bbox 1173 3851 1205 3888; x_wconf 86' lang='lat' dir='ltr'><strong>ex</strong></span> 
     </span>
     <span class='ocr_line' id='line_1_54' title="bbox 126 3903 1207 3967; baseline -0.001 -13"><span class='ocrx_word' id='word_1_534' title='bbox 126 3903 280 3965; x_wconf 75' lang='lat' dir='ltr'><strong>potestatem.</strong></span> <span class='ocrx_word' id='word_1_535' title='bbox 674 3903 1207 3967; x_wconf 56' lang='lat' dir='ltr'><strong>substantiaPatrimonexalianalussuli·</strong></span> 
     </span>
    </p>
   </div>
   <div class='ocr_carea' id='block_1_4' title="bbox 0 0 1320 4784">
    <p class='ocr_par' dir='ltr' id='par_1_4' title="bbox 0 0 1320 4784">
     <span class='ocr_line' id='line_1_55' title="bbox 0 0 1320 4784; baseline 0 0"><span class='ocrx_word' id='word_1_536' title='bbox 0 0 1320 4784; x_wconf 95' lang='lat' dir='ltr'><strong> </strong></span> 
     </span>
    </p>
   </div>
  </div>
 </body>
</html>
