2632 4784
120 398 163 448 Η
506 406 634 449 sancti
654 405 824 452 attnnostt

121 485 173 545 tus,
194 497 224 532 ue
252 484 388 533 innocentis
415 486 517 533 mortem
544 487 648 535 inultam
674 490 812 537 communic
828 489 964 550 plurimum
983 489 1092 553 proiicit,
1106 494 1125 541 si
1140 490 1183 553 quis
1232 536 1235 553 ,

120 552 372 613 relinquerei,quam
391 565 439 614 quo
457 564 527 600 suam
545 555 649 602 mortem
675 554 756 604 vicem
776 558 915 606 amantibus
936 559 1037 621 reddat,
1055 573 1102 610 acc
1120 562 1185 609 ninu
1229 570 1235 599 ’-

121 619 224 668 doleret.
674 624 943 688 redamareseprobet‚
954 629 1184 690 qnam-ipsoamatur.
1227 604 1235 685 l

149 688 188 737 521.
198 691 249 738 iton
257 689 380 740 mediocre
387 690 468 750 istud,
477 691 612 751 presertim
623 691 649 738 tn
674 691 749 754 idque
760 696 876 744 amicitiae
887 697 966 745 tidelis
977 701 1061 758 puceu
1071 699 1186 760 exemplis
1230 712 1235 753 ς

120 771 194 820 rrqe,
212 760 248 807 sic
264 759 333 807 obire
349 760 496 808 humilitatis
512 759 649 818 munia,ut
674 763 737 823 Qruid
748 766 815 812 euim
826 767 874 812 hm
883 767 1100 829 nonnumquam
1109 764 1190 829 qratiat
1231 766 1235 803 ἕ

120 840 275 876 communem
285 842 311 876 se
321 830 452 877 exhiberet
463 831 537 877 etiam
549 829 648 888 infimis,
674 833 737 892 Quid
749 836 798 880 lam
811 835 911 882 insitum
923 837 1032 895 nature,
1042 848 1117 897 quam
1125 837 1151 885 ut
1159 836 1193 885 d‘-
1233 860 1235 877 ι

120 897 201 945 alieno
222 898 333 959 periculo
353 897 435 946 cibum
455 910 505 945 nou
524 911 648 958 quaerere,
674 901 790 962 iiqentem
810 902 911 964 diiiqasi
929 903 992 963 Quid
1014 906 1066 953 tam
1088 906 1195 954 inolitum
1233 920 1235 925 ’

119 968 204 1028 potum
214 968 477 1027 recusare‚pcccatum
485 966 648 1027 interimque
673 970 746 1028 atque
763 970 908 1032 impressum
929 973 1057 1020 nitentibus
1074 973 1196 1034 humanu,

119 1037 199 1098 ipsum
212 1051 256 1097 pro
275 1039 366 1098 populo
382 1037 471 1084 otierre
488 1037 574 1096 morti,
585 1038 611 1084 ut
623 1037 648 1084 iu
673 1041 780 1098 quamut
788 1052 844 1087 eum
853 1052 934 1088 amare
941 1040 1042 1089 inducas
1050 1042 1196 1103 inanimum,

118 1117 145 1153 su
154 1107 237 1153 divina
245 1106 381 1167 indignatio
391 1105 585 1165 conuerteretur,
592 1118 648 1153 cum
673 1119 749 1167 aquo
765 1110 789 1157 to
805 1110 882 1157 amari
901 1108 980 1157 relisi
998 1110 1086 1159 ltcrito
1104 1113 1197 1173 sapiens

119 1175 460 1236 iericntiauqeioottercnese
472 1174 649 1223 diceret:ii'ccc
673 1175 751 1225 dicit:
763 1181 836 1227 ilerde
852 1181 975 1241 pecundum
992 1184 1088 1242 propter
1103 1181 1198 1240 [sulm
1233 1222 1235 1227 ,

117 1258 183 1305 aunt,
195 1261 235 1308 eqo
254 1248 345 1307 peccori
351 1278 359 1304 ‚
376 1248 397 1293 ct
412 1258 453 1306 eqo
462 1248 544 1306 postor
559 1246 648 1293 mulum
672 1247 694 1292 ct
706 1248 817 1296 ornicum.
832 1248 862 1295 et
882 1249 957 1296 aiibi:
970 1248 1080 1298 cneum
1098 1252 1199 1300 animm

117 1316 176 1376 teci,
188 1321 209 1366 et
220 1320 261 1366 istc
271 1330 328 1379 erce
345 1316 399 1377 quid
409 1313 478 1376 secitl
492 1317 548 1363 Fiat
563 1329 648 1364 munuc
673 1326 720 1362 aon
741 1317 888 1375 erubescam,
904 1320 925 1366 ei
936 1332 953 1366 a
962 1319 1102 1379 fucicittr'uc
1108 1332 1156 1368 aron
1164 1334 1199 1368 nc

117 1387 159 1434 tuq
171 1389 195 1434 iq
212 1401 258 1435 isne.
672 1383 821 1434 abscondam.
834 1387 958 1448 Siquidem
970 1387 1029 1436 rita
1040 1391 1068 1437 ct
1077 1388 1200 1437 immerta-

147 1454 646 1518 55.Namquidaiiadicam‚qnoddolum
673 1453 749 1502 litatis
769 1456 977 1505 medicamentum
999 1457 1026 1504 in
1047 1458 1128 1506 amico
1149 1469 1200 1506 ccco

116 1526 293 1575 meditantibus
306 1540 332 1574 os
349 1538 420 1574 suum
441 1538 491 1574 uon
506 1525 646 1587 aperiebat,
673 1522 855 1572 Ecclesiasticus
865 1537 946 1573 sermo
962 1525 1068 1573 testatur
1079 1538 1086 1572 =
1099 1525 1126 1574 et
1135 1538 1200 1573 sum·

116 1594 143 1642 ct
163 1594 286 1655 tamquam
306 1607 353 1641 non
369 1593 472 1642 audiens
484 1595 579 1642 nulium
595 1609 646 1644 scr·
672 1603 738 1638 mum
752 1593 777 1640 iu
786 1594 888 1642 caritate
899 1594 1039 1654 presidium
1050 1594 1201 1643 nemodubi·

116 1675 214 1711 monem
231 1664 388 1713 reiereudum
403 1663 505 1724 putabat
522 1677 528 1709 ε
546 1676 594 1712 non
608 1679 647 1714 re-
673 1664 774 1723 tavent,
792 1677 848 1713 cum
865 1665 992 1725 Apostolus
1013 1664 1100 1712 dicet:
1118 1666 1207 1715 onaa-

116 1734 252 1793 opoudebat
265 1735 400 1783 conviciis:
416 1745 473 1781 cum
483 1734 530 1782 sibi
546 1735 647 1796 deroga·
671 1734 749 1790 suffert
754 1736 849 1791 ,ouante
856 1737 936 1792 credit,
942 1736 1206 1795 omninmcratmrratn·

116 1802 199 1861 retur,
210 1802 310 1850 orabat:
320 1815 374 1850 cum
383 1802 589 1864 malediceretur,
602 1803 646 1853 be·
670 1804 780 1861 sustinet,
792 1804 879 1851 caritas
889 1816 1019 1865 numquam
1029 1805 1103 1851 cudit.

116 1869 400 1919 nedieebattimbulans
408 1871 434 1918 in
445 1869 611 1932 simplicitate,
621 1874 645 1921 et
701 1871 739 1916 33.
752 1870 809 1919 ideo
821 1870 1123 1932 Daridnonceciditquit
1131 1867 1200 1921 carru

116 1939 277 1998 superborum
298 1939 417 2002 ingilena,
433 1942 538 1987 sectator
559 1940 646 1988 imma·
671 1939 856 1999 tuitomnibus,
868 1940 1199 2002 etdiliqiasulrjectlsquarn

116 2005 265 2068 celatorum,
282 2010 323 2069 qui
340 2010 449 2058 cinerem
468 2009 585 2058 miscebat
601 2011 646 2057 uli·
672 2006 753 2054 timeri
772 2007 869 2055 maluit.
877 2008 960 2054 ‘timor
976 2007 1042 2054 enim
1057 2007 1199 2068 temporalis

115 2076 282 2138 mentiosum,
301 2090 357 2125 cum
376 2079 477 2140 peccata
494 2080 592 2139 propria
603 2081 646 2127 de·
671 2076 797 2124 tutaminis
810 2078 893 2125 serrat
912 2076 1043 2134 excubias,
1055 2075 1199 2124 ncccitdiu-

115 2143 236 2203 ploraret,
253 2147 279 2192 et
299 2148 383 2205 potum
403 2159 474 2194 suum
494 2149 646 2206 temperabat
671 2145 795 2192 turnitalis
814 2145 957 2193 custodiam.
970 2144 1112 2205 itaqueulrt
1127 2145 1199 2194 timor

115 2210 229 2261 iletibust
245 2215 331 2262 tierito
354 2214 390 2262 sic
411 2214 536 2274 expetitus
558 2216 596 2262 est
615 2215 646 2261 ab
670 2212 818 2274 decesserit,
833 2215 934 2262 audacia
952 2215 1063 2274 obrepit3
1081 2213 1197 2276 quoniam

115 2282 232 2330 nnircrso
252 2282 356 2342 populo,
371 2283 400 2330 ut
417 2282 533 2330 vestirent
547 2276 644 2329 adeum
671 2280 742 2328 iidem
764 2296 812 2330 non
834 2283 907 2330 timor
931 2282 1010 2343 coqit,
1032 2281 1077 2331 sed
1099 2282 1198 2332 meeis

116 2359 199 2396 omncs
210 2349 288 2399 tribus
299 2350 373 2401 israel
390 2350 516 2399 dicentes:
527 2353 586 2399 Ecce
603 2364 646 2400 noc
670 2351 783 2399 exhibet.

115 2428 168 2466 oasa
179 2420 219 2466 tuo
236 2422 258 2467 et
268 2433 324 2468 caro
335 2423 377 2469 tua
393 2434 474 2471 samur
484 2432 493 2465 .·
504 2421 556 2469 ieri
563 2425 586 2469 et
599 2434 645 2469 au·
699 2420 738 2467 59.
750 2421 830 2469 Prima
843 2432 899 2482 erqo
913 2422 944 2469 ad
960 2420 1197 2470 commendationem

116 2489 246 2538 iiustertiuc
262 2505 314 2538 cum
333 2494 389 2540 caeci
409 2491 481 2550 soei,
499 2495 522 2540 et
537 2495 645 2553 aequorei
669 2491 744 2537 nostri
754 2491 896 2538 cstcaritas.
908 2493 1001 2539 Beuum
1012 2491 1050 2539 est
1061 2504 1119 2551 erqo
1129 2490 1199 2539 terti·

114 2572 183 2620 cuper
199 2574 256 2621 uos‚·
271 2564 296 2609 tu
311 2576 362 2611 eruc
373 2563 413 2624 qui
428 2562 567 2622 producebas
578 2566 599 2610 et
610 2566 644 2610 in·
669 2559 778 2607 monium
790 2560 881 2608 babere
898 2560 929 2607 de
944 2562 1107 2622 plurimorum
1121 2560 1198 2608 diiec-

115 2628 213 2677 duculos
219 2632 299 2678 isreel.
308 2633 339 2679 Ei
350 2634 410 2679 dixit
418 2633 460 2679 tibi
466 2634 581 2681 Dominus
590 2646 598 2678 .·
608 2635 644 2679 Tu
669 2629 744 2677 tione.
756 2629 818 2677 ilinc
832 2630 941 2678 nascitur
951 2629 1025 2689 tides,
1041 2631 1069 2677 nl
1085 2630 1196 2677 commit·

113 2710 193 2758 pecca
207 2701 317 2760 ponarium
329 2714 415 2747 ancum.
427 2700 457 2745 nt
467 2700 527 2758 quid
535 2701 605 2760 ptura
613 2702 643 2749 de
669 2697 721 2746 tere
729 2711 756 2746 se
766 2700 808 2746 tuo
816 2699 970 2747 atiectuinon
980 2699 1115 2746 vereantur
1122 2699 1195 2746 etiam

115 2777 146 2814 co
161 2767 257 2827 dicam,
270 2767 300 2814 de
311 2782 359 2829 quo
377 2767 516 2826 huiusmodi
529 2769 575 2816 liei
587 2784 643 2830 pro·
667 2767 758 2826 alieni,
776 2779 849 2828 quem
868 2768 979 2828 pluribus
989 2778 1074 2814 carum
1085 2766 1197 2814 adverte·

115 2836 187 2882 cessit
199 2836 334 2897 sententia,
350 2837 378 2884 ut
388 2837 419 2884 de
435 2848 464 2885 eo
480 2837 590 2887 diceret:
602 2833 642 2886 iu-
667 2834 725 2882 rint.
737 2836 856 2884 Similiter
868 2837 942 2885 etiam
954 2848 998 2896 per
1009 2835 1082 2883 isdem
1093 2836 1125 2884 ad
1136 2835 1196 2883 cari·

115 2905 173 2952 reni
185 2904 263 2953 ilarid
272 2906 405 2953 secundum
416 2918 458 2953 cor
471 2905 570 2954 meuml
581 2909 643 2967 Quis
668 2903 741 2952 tatem
751 2907 904 2967 pertentium
912 2908 940 2954 ut
949 2906 991 2967 qui
1000 2905 1043 2953 uni
1053 2907 1096 2953 aut
1104 2905 1196 2954 duobus

116 2973 214 3022 enimin
222 2974 352 3023 sanctitate
358 2975 471 3024 cordieet
476 2976 572 3035 iustitia
580 2978 643 3026 sicut
667 2974 810 3031 praestiterit
825 2975 913 3036 tidem,
926 2972 1051 3036 tamquam
1065 2974 1154 3023 induat
1167 2973 1194 3021 ln

118 3037 161 3091 iste
171 3044 322 3106 ambulavit,
334 3044 642 3106 utimpieretuoluntatem
666 3044 760 3091 animos
781 3044 966 3104 universorum,
983 3043 1009 3092 et
1026 3042 1137 3093 munium
1154 3041 1194 3090 ad·

115 3111 178 3159 ilci:
189 3115 289 3175 propter
307 3128 381 3176 quem
400 3117 426 3165 et
440 3115 643 3176 delinquentibus
666 3113 747 3176 quirat
761 3113 871 3175 gratiam.

113 3182 218 3242 posteris
226 3183 359 3243 ejnsrenia
369 3185 473 3245 data‚et
483 3185 640 3245 prerogativa
901 3211 974 3224 —-

114 3252 151 3299 est
165 3255 289 3303 reservata
304 3253 459 3304 baredibust
550 3315 553 3321 Δ
811 3280 939 3334 CAPUT
963 3278 1041 3331 vm

143 3322 182 3370 56.
197 3323 256 3382 Quis
276 3323 353 3385 igitur·
370 3336 421 3371 non
438 3320 553 3383 diligeret
570 3335 641 3383 eum,
1042 3315 1050 3330 ⁸
1094 3324 1098 3333 '

112 3403 188 3452 quem
198 3391 340 3441 videbam
348 3405 432 3439 carum
439 3391 537 3451 amici„
549 3392 577 3439 ut
584 3392 641 3452 quia
666 3384 725 3423 Nihil
738 3385 765 3423 ld
777 3386 931 3452 mquam
942 3387 1033 3435 finum
1044 3387 1112 3436 Πὶηῖὅ
1125 3387 1194 3426 ”lm

112 3459 166 3520 ipee
177 3459 272 3507 sincere
281 3460 372 3508 amicos
380 3460 510 3519 diligebat,
521 3473 591 3521 aeque
603 3459 641 3507 di·
688 3441 919 3541 ffinTmcfffiu'uffi
926 3442 1195 3544 ffiffflffi‘grffi'ffi

112 3529 155 3590 ῙῙΒῙ
167 3542 193 3577 ⁸⁰
202 3541 216 3576 ³
224 3529 275 3577 ⁸⁰¹⁸
285 3529 370 3576 mstis
377 3530 553 3578 arbimfefflff
564 3530 641 3579 Delli·
688 3553 795 3598 quantum
803 3554 876 3588 autem
887 3551 921 3589 hae
929 3550 979 3588 duae
988 3552 1079 3589 virtutes
1087 3551 1194 3589 eluxerint

111 3612 160 3659 que
169 3650 173 3657 .
181 3600 296 3659 parentes
308 3611 365 3646 eum
374 3598 432 3647 tiliis
441 3600 504 3661 suis,
523 3601 567 3649 filii
578 3614 640 3662 μη.
687 3604 709 3640 ln
720 3603 844 3651 salomone,
854 3605 953 3652 exipsius
964 3605 1106 3644 celeberrimo
1113 3603 1194 3653 iudicia

112 3669 225 3717 terebant
235 3669 385 3729 parentibus.
396 3669 466 3719 Unde
483 3672 592 3732 graviter
604 3671 640 3719 in·
690 3660 758 3708 quam
768 3659 823 3698 ⁰⁶¹¹·

112 3737 225 3798 dignatus
252 3737 326 3798 Saul,
351 3741 480 3799 percutere
510 3741 639 3789 ionatbam
694 3737 733 3787 to.
745 3741 801 3788 Duo
814 3740 887 3802 igitur
896 3739 948 3789 irasc
959 3739 991 3788 ad
1001 3737 1193 3787 commendatio·

112 3806 189 3854 iillum
211 3807 280 3854 hasta
294 3806 388 3869 volutt;
407 3809 463 3870 quta
482 3809 561 3870 pluris
575 3810 639 3869 apud
664 3821 721 3857 nem
733 3810 808 3857 nostri
819 3809 954 3871 plurimum
969 3810 1119 3870 operantur,
1130 3807 1193 3855 cart·

112 3887 170 3924 eum
181 3877 264 3924 valere
275 3876 355 3925 David
366 3879 499 3926 amicitiam
503 3879 638 3940 iudicabat,
665 3879 702 3927 tas
713 3881 739 3927 et
749 3879 825 3940 tides,
839 3880 865 3928 ct
885 3880 987 3928 tertium
1004 3878 1051 3926 hoc
1063 3878 1085 3925 ei
1103 3878 1194 3925 babeas

112 3958 184 4005 quam
202 3948 241 3994 vei
261 3947 638 4008 pietatem,re1aucloritaiem
663 3948 729 4008 quod
740 3950 765 3995 in
777 3950 801 3996 te
818 3947 980 3996 admiratione
998 3946 1100 4007 dignum
1119 3946 1195 4007 pleri·

111 4014 246 4076 paternam.
662 4030 711 4078 que
727 4018 886 4080 existiment,
906 4019 932 4066 et
950 4016 1006 4075 iure
1024 4016 1192 4066 honorandum

142 4081 181 4130 37.
199 4083 293 4132 illenim
312 4084 342 4133 ad
362 4084 512 4135 incentis-um
530 4083 638 4134 caritatis
661 4085 760 4142 putent.
