2632 4784
382 408 626 457 snrsnoninuu
640 412 775 459 cnissis
791 416 807 458 1.
833 382 836 387 ’
1092 405 1139 460 sto

53 493 96 540 eni
115 490 206 540 dicitur
223 504 230 537 =
250 492 332 541 Venite
348 495 379 541 od
395 507 433 542 ms
450 507 529 542 omnes
546 495 588 554 qni
612 495 700 543 missus
710 498 764 543 erat
775 494 951 557 exercitusqul
963 506 1020 543 eum
1031 494 1141 556 caperet,

54 561 184 617 loiorotls,
194 561 393 619 donnationi,
403 565 525 623 eleqooor
535 562 585 621 retr
612 564 811 618 circumreliutns
829 566 884 612 erat
909 563 1045 624 undique:
1067 563 1143 625 eoepit

54 630 135 676 don:
147 629 309 689 tollemus·
317 632 586 692 meum,quioleoeest,·
612 631 701 680 timore
720 633 774 691 eins
797 633 925 692 servulus3
944 631 1005 691 qnia
1030 631 1143 679 semotus

53 696 116 756 quid
132 696 167 754 si,
184 695 301 757 iuquam,
313 699 408 758 pullum
425 700 499 746 istum
514 699 545 746 ed
561 712 586 747 se
613 701 679 759 erat,
696 701 802 759 hoeest,
814 713 863 749 non
874 700 1024 749 oratiiberos
1036 699 1141 759 mentis,

54 763 128 812 modo
145 763 221 822 iussit
245 765 348 825 adduci,
369 766 450 815 missis
472 768 586 828 apostolis
613 771 638 816 et
647 769 731 816 liborae
742 770 876 830 potestatis.
884 768 976 817 Dotirit
986 767 1078 829 aperiri
1086 766 1142 825 eius

54 833 120 892 illis,
130 834 174 893 qui
188 834 239 892 tam
250 835 321 882 exuti
336 848 436 896 corpore
447 835 586 895 ineompre-
611 839 694 885 oculos
700 837 1010 900 sanetusproplieta,eteit
1018 850 1025 882 s
1034 837 1139 897 Respice,

54 899 206 952 hausibilem
223 903 302 951 oeulis
324 905 414 953 nostris
436 906 584 966 Angelorum
611 909 690 954 alolde
700 907 1142 969 quantopluressintpronobis,quum

54 972 165 1032 speeiem
186 970 296 1031 perunit
311 974 397 1021 Nonne
415 973 437 1021 si
454 974 485 1021 ab
504 974 586 1034 aliquo
611 979 693 1024 contro
703 989 753 1023 nes.
765 977 794 1023 nt
805 977 929 1038 respexit,
940 979 966 1026 et
979 976 1044 1024 vidit
1061 978 1138 1035 linga·

55 1041 198 1100 mutatur,
218 1041 303 1089 disent
323 1055 331 1086 =
354 1045 468 1091 Dominus
491 1055 586 1104 opernm
611 1045 691 1091 lorum
710 1045 796 1092 millia.
815 1045 959 1094 Advertistis
978 1046 1054 1106 igitur
1070 1043 1135 1105 quod

55 1111 105 1170 ejus
113 1108 248 1157 Dederat
258 1109 279 1156 si
287 1109 386 1158 resbtut
393 1113 433 1158 vel
443 1112 502 1160 rite
512 1112 587 1172 liujus
610 1114 719 1161 servulos
727 1113 816 1162 christi
824 1113 843 1160 ii
852 1114 929 1175 maqis
936 1113 1088 1173 custodiant,
1097 1112 1140 1173 qni

56 1177 192 1238 eupidites,
202 1178 223 1225 si
234 1179 333 1226 resistet
343 1192 400 1227 earo
411 1181 437 1227 et
447 1182 555 1241 sanquis,
564 1183 584 1227 si
610 1193 658 1228 non
669 1182 798 1240 ridentur,
812 1195 888 1244 quam
899 1177 942 1244 qul
957 1182 1081 1230 videntur.
1092 1181 1140 1228 Sed

57 1247 154 1296 resistat
178 1249 331 1295 conversatio
356 1250 505 1310 eorpomlis3
529 1251 586 1310 quin
611 1252 636 1298 et
647 1251 683 1298 illi
700 1251 721 1298 si
732 1252 886 1310 custodiunt,
898 1251 987 1300 vestris
998 1249 1140 1298 custodiunt

56 1316 181 1376 aliquibus
196 1316 297 1363 lorsilsn
316 1318 379 1377 preti
398 1318 521 1365 videmur.
537 1319 585 1365 Sed
610 1321 761 1368 orationibus
778 1321 914 1369 advocati.
936 1319 1032 1380 legistls
1050 1329 1139 1378 nempe

57 1383 101 1443 qui
117 1396 161 1431 nos
176 1384 216 1431 bic
228 1384 323 1443 diint,
334 1385 412 1431 multo
427 1386 532 1445 emplius
548 1385 586 1432 di·
611 1401 652 1436 eos
663 1389 740 1448 ipsos,
751 1390 794 1450 qui
805 1390 919 1438 Elismum
930 1387 1087 1450 querebant,
1099 1386 1136 1434 in-

58 1451 132 1511 liqet,
142 1451 295 1500 sisiuatsieri
303 1453 586 1514 hostiamchristi;quia
610 1469 703 1516 pressos
718 1471 771 1506 esso
786 1458 920 1506 Samariam
931 1456 962 1504 ud
976 1468 1034 1504 eum
1045 1454 1139 1516 ipsum,

57 1522 253 1580 &uetustiorem
261 1522 586 1572 cbristoessamstllomelturs
609 1537 683 1585 quem
699 1538 787 1586 cupere
802 1524 960 1586 gestiebant:
978 1523 1017 1571 cul
1036 1535 1085 1569 non
1100 1533 1140 1570 so·

57 1593 101 1639 etei
114 1604 210 1639 mosim
219 1592 245 1637 tn
259 1604 331 1639 corne
346 1594 421 1653 moqis
430 1596 585 1642 ammomum
611 1592 661 1639 lum
674 1606 722 1641 non
735 1594 983 1654 potneruutuoeere3
993 1589 1038 1639 sed
1048 1588 1139 1651 ipsius,

56 1661 151 1719 propter
165 1672 215 1706 oon.
226 1658 292 1705 Nihil
303 1659 342 1707 est
356 1671 415 1720 erqo
424 1660 489 1721 quod
499 1673 587 1709 neren·
610 1662 809 1724 adversusquem
819 1663 939 1711 renerent
961 1659 1139 1710 intercessione

59 1727 134 1787 mini,
155 1725 243 1775 iratres
260 1727 427 1790 dilectissimi,
446 1730 498 1777 seio
516 1731 587 1778 enim
610 1733 774 1781 servolisunl.

58 1797 117 1855 quia
125 1795 242 1855 quidquid
252 1796 483 1857 psoensiuero,pro
491 1797 586 1844 cbristo
641 1797 1139 1862 iureuusqnoqneopostolmnlrimque

58 1864 148 1924 patiar.
164 1865 194 1911 iit
210 1864 260 1924 legi
276 1864 342 1925 qnod
360 1878 402 1912 eos
424 1865 516 1912 limene
537 1877 586 1912 non
611 1868 646 1913 rei
656 1868 724 1915 vobis
734 1869 790 1916 edat
800 1866 1019 1926 exemplumliam
1030 1864 1140 1912 ubieurn

58 1932 177 1992 debeam,
187 1933 229 1993 qui
240 1935 453 1993 possuntearueru
463 1934 585 1982 occidere.
611 1935 719 1983 llerodes
734 1936 848 1996 quesivil
859 1936 885 1982 et
903 1933 984 1993 oepit,
1000 1930 1096 1990 recepit
1113 1929 1140 1976 in

59 2001 90 2049 nt
100 2001 184 2049 audivi
193 2001 335 2050 dicentem:
348 2004 394 2064 Qui
402 2004 525 2063 perdiderit
536 2005 587 2050 oni·
611 2016 748 2063 carcerem
758 2015 807 2051 non
819 2004 886 2050 euim
895 2000 1028 2050 recesserat
1035 1999 1081 2047 Dei
1090 2011 1140 2047 ser·

59 2082 124 2117 mm
141 2084 210 2118 mom
225 2075 319 2132 propter
334 2085 386 2128 me,
405 2072 505 2118 inueniet
524 2085 585 2119 eom.
611 2074 697 2131 nulus,
716 2071 760 2119 sed
783 2071 886 2119 steterat
911 2068 1007 2117 timoris
1032 2067 1138 2128 ignarus.

90 2137 115 2186 θ.
125 2139 186 2198 Ergo
196 2139 217 2185 si
233 2141 286 2186 vult
301 2139 432 2198 Dominus,
443 2139 537 2189 eertum
549 2141 586 2186 est
611 2140 699 2187 Orabat
713 2153 757 2202 pro
776 2152 805 2188 eo
822 2139 946 2198 Ecclesia,
956 2136 1000 2185 sed
1017 2134 1141 2197 apostolus

59 2207 125 2269 quod
143 2208 226 2255 nullus
246 2207 358 2255 obsistat.
375 2208 445 2265 Quod
462 2208 483 2255 si
506 2209 586 2256 adhuc
612 2211 636 2256 in
652 2221 750 2258 camere
765 2210 921 2271 quiescebat,
935 2206 1001 2268 qnod
1019 2207 1057 2254 est
1073 2203 1141 2252 indi·

59 2276 142 2323 nostra
149 2275 587 2337 diilerteertamina,quidreseminil
611 2280 677 2326 cium
688 2290 736 2328 non
754 2278 873 2327 timentis.
883 2278 968 2326 Missus
979 2276 1018 2325 est
1035 2273 1140 2333 lnqelns

59 2345 162 2394 Servum
178 2348 267 2396 Christi
284 2359 333 2394 non
349 2347 459 2395 custodie
474 2358 588 2406 corpora·
611 2349 652 2409 qui
669 2349 832 2397 dormientem
854 2347 986 2406 excitaret,
1003 2357 1048 2407 per
1066 2355 1140 2405 quem

59 2415 104 2475 lis,
112 2415 155 2463 sed
166 2416 265 2463 Domini
274 2416 429 2477 providentie
439 2416 520 2476 sepire
532 2428 587 2463 eon·
612 2420 697 2467 Petrus
705 2419 838 2479 productus
849 2430 864 2465 e
874 2429 985 2476 earcere,
996 2416 1099 2462 mortem
1110 2412 1141 2460 ud

59 2483 150 2531 suerii.
612 2487 804 2547 tempnsevasit.

92 2553 129 2600 lo.
140 2552 240 2599 Turbati
256 2553 314 2600 estis
330 2552 390 2612 quis
408 2551 505 2612 opertas
515 2564 587 2612 repe·
643 2557 680 2603 lo.
688 2556 754 2603 idem
762 2556 848 2601 Petrus
856 2549 1023 2613 postes,rletn
1033 2549 1141 2610 Simone,

59 2621 127 2668 ristis
137 2621 246 2681 geminas
258 2621 336 2678 iores,
347 2632 408 2679 quos
416 2621 501 2679 captus
511 2622 588 2668 oeulis
612 2639 668 2674 cum
685 2625 807 2687 praeeeptu
825 2623 872 2671 Dei
884 2622 974 2683 populo
991 2620 1140 2679 seminaret,

57 2690 174 2750 quidem,
186 2688 245 2734 dum
261 2689 394 2749 hospitium
408 2690 535 2748 proprium
550 2703 589 2737 re·
612 2695 711 2742 doceret
721 2691 904 2749 castimoniam,
917 2689 1037 2738 excitent
1046 2687 1141 2735 animos

58 2760 138 2820 petil,
154 2757 298 2816 pateieeisse
318 2759 475 2805 memoratur.
494 2759 522 2807 ln
539 2773 588 2822 quo
612 2764 743 2825 gentilium
760 2762 870 2823 :quibus
886 2771 944 2807 eum
960 2757 1141 2820 querentibus,

58 2825 197 2885 ooqnoscito
213 2827 279 2885 quod
296 2827 360 2874 nibil
377 2829 523 2886 suffragetur
541 2830 588 2877 hu·
612 2831 753 2879 christinus
769 2829 858 2878 animm
873 2827 1011 2888 deprecatu
1026 2825 1097 2885 sunl,
1113 2825 1143 2873 nt

59 2907 132 2943 mana
148 2896 266 2943 custodie.
278 2898 339 2944 Eece
350 2910 414 2945 nnus
427 2897 471 2957 qul
486 2897 587 2947 videndi
611 2902 737 2962 paulisper
760 2898 870 2948 eederet.
888 2898 919 2945 nt
943 2896 1054 2957 quemvis
1076 2894 1143 2944 esset

58 2976 149 3013 monus
167 2965 263 3026 amisit,
280 2966 354 3014 solvit
374 2967 456 3015 restra
473 2968 586 3018 universa
612 2970 715 3031 cupidus
736 2968 872 3031 passionis,
888 2965 975 3014 tumen
991 2963 1143 3029 contemple-

58 3034 588 3094 mnnimiua,etenstodiaslusltsbomlnus
613 3042 678 3088 lione
697 3038 781 3099 populi
807 3036 932 3099 preeuntis
954 3033 1063 3083 inflexus
1087 3033 1141 3094 αῖς

58 3104 142 3152 anim
150 3115 200 3152 suae
211 3105 386 3153 misericordia
394 3106 528 3153 custodium
539 3120 588 3155 non
611 3107 742 3167 repelletur
752 3106 820 3153 enirn
835 3105 863 3153 ut
874 3104 905 3151 sd
920 3102 1099 3151 instituendum
1114 3104 1141 3151 et

58 3173 151 3221 omisit.
163 3174 248 3222 Nonne
260 3175 317 3221 ente
328 3174 446 3234 biduum,
456 3177 484 3221 ut
499 3177 587 3222 memi·
612 3175 804 3222 confirmandum
819 3174 939 3232 populum
956 3184 982 3218 se
992 3170 1140 3220 reservaret.

59 3242 142 3300 nistis,
155 3242 228 3288 etism
240 3242 304 3289 illud
321 3244 447 3301 repertum
462 3243 511 3301 est,
523 3243 588 3302 quod
612 3242 676 3299 Quid
687 3239 863 3288 nuitalnoete
874 3251 956 3285 muros
964 3239 1047 3297 egredi
1056 3238 1141 3298 eoepit,

57 3311 153 3370 aperto
163 3310 224 3355 iuna
239 3309 346 3356 basilice
357 3308 478 3366 ingressus
488 3310 588 3368 quidum
612 3310 638 3356 et
654 3308 741 3355 videns
752 3306 808 3354 sibi
827 3306 853 3352 lu
872 3307 943 3365 porta
959 3305 1082 3352 Christum
1099 3317 1142 3355 oo·

59 3378 160 3438 pervius
176 3377 237 3435 init,
249 3389 322 3437 quem
339 3376 463 3435 putabatis
479 3376 588 3423 clonsum
613 3389 723 3436 currere,
742 3374 881 3434 urbemque
897 3372 1008 3432 ingredi,
1027 3372 1063 3419 nit
1074 3384 1080 3417 ε
1092 3373 1142 3421 llo·

59 3446 195 3506 essentque
206 3443 491 3503 mnnitnmtSepserunt
499 3456 588 3503 nempe
613 3446 693 3503 mine,
706 3456 755 3504 quo
771 3440 859 3490 nadisl
870 3439 1005 3501 Respondit
1014 3441 1140 3490 Cirristuss

60 3510 588 3572 armetibasilicam,explorabanthosotque
613 3509 1143 3570 Venioiterumcrneidqidnteilexitl’etriu

60 3583 116 3629 illos
128 3581 208 3629 aditus
225 3582 353 3629 semeitate
365 3579 459 3639 perfusi
478 3583 547 3639 sunl,
562 3582 589 3626 ul
613 3580 644 3627 nd
656 3591 832 3627 suamcrucem
848 3580 960 3628 divinum
969 3579 1143 3640 pertinerere·

60 3651 126 3712 quod
133 3653 246 3712 apertum
255 3651 317 3710 erut,
325 3649 411 3698 videre
420 3661 469 3696 nou
476 3650 588 3709 possenti
613 3660 746 3708 sponsum3
765 3647 875 3696 cbristus
894 3648 961 3695 enim
979 3659 1028 3695 non
1045 3649 1142 3708 potent

60 3722 144 3781 itaque
155 3734 200 3780 per
214 3721 331 3780 plurimas
341 3718 426 3767 noctes
436 3719 501 3779 quod
518 3732 588 3779 uper-
613 3718 704 3763 ilerum
720 3715 844 3776 crucifigi,
854 3717 896 3775 qui
911 3728 1013 3764 samem
1028 3717 1142 3778 passione

61 3793 113 3838 tum
123 3789 266 3848 inerit,uon
276 3787 399 3847 ignoratis.
409 3787 522 3835 Desinite
532 3799 589 3847 ergo
613 3787 732 3844 suscepte
746 3785 833 3833 mortis
852 3786 958 3833 exuent
973 3798 981 3833 s
998 3787 1064 3848 Quod
1080 3789 1142 3835 enim

60 3857 201 3917 sollicitari,
213 3858 325 3918 quiahoc
335 3856 590 3917 enit,quodcliristus
613 3858 719 3903 morium
733 3859 780 3913 est,
791 3858 886 3916 pescolo
896 3857 1002 3904 mortuus
1011 3858 1045 3903 est
1054 3857 1143 3905 mmsis

58 3927 146 3988 jubet,
158 3926 183 3973 et
194 3927 258 3985 quod
269 3939 323 3974 esse
334 3925 448 3986 expedit.
614 3926 675 3985 quod
692 3928 770 3972 nutem
785 3925 842 3971 oioit
848 3956 858 3982 ‚
869 3926 922 3970 uiuit
940 3927 999 3972 Deo.
1015 3925 1144 3991 intellexit

92 3993 249 4054 ”Denique
257 3996 371 4055 exempla
380 3993 591 4055 vobisbeqispro·
614 4007 671 4054 erqo
682 3994 768 4042 Petrus
781 3992 847 4053 quod
865 3993 955 4040 iterum
965 3992 1077 4041 Christus
1088 4005 1144 4041 ern·

60 4061 590 4123 lerumlilisonsquaerebalunereqosyrim,
615 4060 1143 4173 ciilqendusessetluservulo.impsuespontu
