<?xml version="1.0" encoding="UTF-8"?>
<!DOCTYPE html PUBLIC "-//W3C//DTD XHTML 1.0 Transitional//EN"
    "http://www.w3.org/TR/xhtml1/DTD/xhtml1-transitional.dtd">
<html xmlns="http://www.w3.org/1999/xhtml" xml:lang="en" lang="en">
 <head>
  <title>
</title>
<meta http-equiv="Content-Type" content="text/html;charset=utf-8" />
  <meta name='ocr-system' content='tesseract 3.04.00' />
  <meta name='ocr-capabilities' content='ocr_page ocr_carea ocr_par ocr_line ocrx_word'/>
</head>
<body>
  <div class='ocr_page' id='page_1' title='image "./sanctiambrosiim00ambrgoog_0662.png"; bbox 0 0 2632 4784; ppageno 0'>
   <div class='ocr_carea' id='block_1_1' title="bbox 57 461 1151 610">
    <p class='ocr_par' dir='ltr' id='par_1_1' title="bbox 57 461 1151 610">
     <span class='ocr_line' id='line_1_1' title="bbox 375 461 1140 518; baseline 0.017 -15"><span class='ocrx_word' id='word_1_1' title='bbox 375 461 614 509; x_wconf 69' lang='lat' dir='ltr'><strong>[bismannum</strong></span> <span class='ocrx_word' id='word_1_2' title='bbox 627 464 763 512; x_wconf 73' lang='lat' dir='ltr'><strong>Cilissts</strong></span> <span class='ocrx_word' id='word_1_3' title='bbox 777 469 797 512; x_wconf 85' lang='lat' dir='ltr'><strong>i.</strong></span> <span class='ocrx_word' id='word_1_4' title='bbox 1092 468 1140 518; x_wconf 75' lang='lat' dir='ltr'><strong>tle</strong></span> 
     </span>
     <span class='ocr_line' id='line_1_2' title="bbox 57 541 1151 610; baseline 0.01 -20"><span class='ocrx_word' id='word_1_5' title='bbox 57 544 113 603; x_wconf 89' lang='lat' dir='ltr'><strong>iure</strong></span> <span class='ocrx_word' id='word_1_6' title='bbox 122 541 224 603; x_wconf 85' lang='lat' dir='ltr'><strong>quidem</strong></span> <span class='ocrx_word' id='word_1_7' title='bbox 232 553 276 602; x_wconf 84' lang='lat' dir='ltr'><strong>pro</strong></span> <span class='ocrx_word' id='word_1_8' title='bbox 285 541 369 591; x_wconf 90' lang='lat' dir='ltr'><strong>delicti</strong></span> <span class='ocrx_word' id='word_1_9' title='bbox 378 544 458 605; x_wconf 74' lang='lat' dir='ltr'><strong>pretio</strong></span> <span class='ocrx_word' id='word_1_10' title='bbox 467 545 588 592; x_wconf 84' lang='lat' dir='ltr'><strong>bellatum</strong></span> <span class='ocrx_word' id='word_1_11' title='bbox 614 546 699 596; x_wconf 79' lang='lat' dir='ltr'><strong>vineas</strong></span> <span class='ocrx_word' id='word_1_12' title='bbox 717 549 758 597; x_wconf 92' lang='lat' dir='ltr'><strong>siti</strong></span> <span class='ocrx_word' id='word_1_13' title='bbox 775 547 1151 610; x_wconf 74' lang='lat' dir='ltr'><strong>excubias&#39;teudereut,douec‘</strong></span> 
     </span>
    </p>
   </div>
   <div class='ocr_carea' id='block_1_2' title="bbox 56 614 1186 4175">
    <p class='ocr_par' dir='ltr' id='par_1_2' title="bbox 56 614 1186 3479">
     <span class='ocr_line' id='line_1_3' title="bbox 58 614 1139 679; baseline 0.008 -18"><span class='ocrx_word' id='word_1_14' title='bbox 58 614 189 661; x_wconf 84' lang='lat' dir='ltr'><strong>adversum</strong></span> <span class='ocrx_word' id='word_1_15' title='bbox 209 614 398 672; x_wconf 63' lang='lat' dir='ltr'><strong>propugnatores</strong></span> <span class='ocrx_word' id='word_1_16' title='bbox 416 614 587 675; x_wconf 80' lang='lat' dir='ltr'><strong>flagitiorum,</strong></span> <span class='ocrx_word' id='word_1_17' title='bbox 613 628 639 662; x_wconf 90' lang='lat' dir='ltr'><strong>se</strong></span> <span class='ocrx_word' id='word_1_18' title='bbox 658 618 736 665; x_wconf 90' lang='lat' dir='ltr'><strong>omnis</strong></span> <span class='ocrx_word' id='word_1_19' title='bbox 746 617 856 667; x_wconf 83' lang='lat' dir='ltr'><strong>leminea</strong></span> <span class='ocrx_word' id='word_1_20' title='bbox 866 617 937 665; x_wconf 87' lang='lat' dir='ltr'><strong>turba</strong></span> <span class='ocrx_word' id='word_1_21' title='bbox 953 618 1103 679; x_wconf 72' lang='lat' dir='ltr'><strong>effunderet,</strong></span> <span class='ocrx_word' id='word_1_22' title='bbox 1114 623 1139 670; x_wconf 90' lang='lat' dir='ltr'><strong>st</strong></span> 
     </span>
     <span class='ocr_line' id='line_1_4' title="bbox 57 680 1139 747; baseline 0.005 -16"><span class='ocrx_word' id='word_1_23' title='bbox 57 683 102 731; x_wconf 88' lang='lat' dir='ltr'><strong>sed</strong></span> <span class='ocrx_word' id='word_1_24' title='bbox 113 682 202 729; x_wconf 86' lang='lat' dir='ltr'><strong>misere</strong></span> <span class='ocrx_word' id='word_1_25' title='bbox 213 680 240 728; x_wconf 93' lang='lat' dir='ltr'><strong>in</strong></span> <span class='ocrx_word' id='word_1_26' title='bbox 256 694 301 729; x_wconf 91' lang='lat' dir='ltr'><strong>sua</strong></span> <span class='ocrx_word' id='word_1_27' title='bbox 311 684 429 743; x_wconf 83' lang='lat' dir='ltr'><strong>populum</strong></span> <span class='ocrx_word' id='word_1_28' title='bbox 442 695 587 731; x_wconf 82' lang='lat' dir='ltr'><strong>conversum</strong></span> <span class='ocrx_word' id='word_1_29' title='bbox 613 687 740 744; x_wconf 80' lang='lat' dir='ltr'><strong>surgentes</strong></span> <span class='ocrx_word' id='word_1_30' title='bbox 751 699 783 735; x_wconf 83' lang='lat' dir='ltr'><strong>ex</strong></span> <span class='ocrx_word' id='word_1_31' title='bbox 794 685 876 736; x_wconf 84' lang='lat' dir='ltr'><strong>vineis</strong></span> <span class='ocrx_word' id='word_1_32' title='bbox 887 686 1055 747; x_wconf 84' lang='lat' dir='ltr'><strong>uuusquisque</strong></span> <span class='ocrx_word' id='word_1_33' title='bbox 1065 701 1139 747; x_wconf 85' lang='lat' dir='ltr'><strong>quam</strong></span> 
     </span>
     <span class='ocr_line' id='line_1_5' title="bbox 57 750 1139 814; baseline 0.006 -17"><span class='ocrx_word' id='word_1_34' title='bbox 57 750 150 798; x_wconf 79' lang='lat' dir='ltr'><strong>viscera</strong></span> <span class='ocrx_word' id='word_1_35' title='bbox 158 782 166 809; x_wconf 93' lang='lat'><strong>,</strong></span> <span class='ocrx_word' id='word_1_36' title='bbox 173 752 199 798; x_wconf 89' lang='lat' dir='ltr'><strong>et</strong></span> <span class='ocrx_word' id='word_1_37' title='bbox 209 750 275 797; x_wconf 92' lang='lat' dir='ltr'><strong>bello</strong></span> <span class='ocrx_word' id='word_1_38' title='bbox 287 751 356 798; x_wconf 84' lang='lat' dir='ltr'><strong>cirili</strong></span> <span class='ocrx_word' id='word_1_39' title='bbox 368 753 499 811; x_wconf 83' lang='lat' dir='ltr'><strong>utrumque</strong></span> <span class='ocrx_word' id='word_1_40' title='bbox 510 750 588 797; x_wconf 89' lang='lat' dir='ltr'><strong>aiiiic·</strong></span> <span class='ocrx_word' id='word_1_41' title='bbox 613 764 727 802; x_wconf 88' lang='lat' dir='ltr'><strong>occursus</strong></span> <span class='ocrx_word' id='word_1_42' title='bbox 737 754 833 803; x_wconf 77' lang='lat' dir='ltr'>dederit</span> <span class='ocrx_word' id='word_1_43' title='bbox 841 787 849 814; x_wconf 98' lang='lat'><strong>,</strong></span> <span class='ocrx_word' id='word_1_44' title='bbox 856 767 959 802; x_wconf 80' lang='lat' dir='ltr'><strong>uxorem</strong></span> <span class='ocrx_word' id='word_1_45' title='bbox 969 755 1018 801; x_wconf 89' lang='lat' dir='ltr'><strong>sibi</strong></span> <span class='ocrx_word' id='word_1_46' title='bbox 1028 755 1139 803; x_wconf 86' lang='lat' dir='ltr'><strong>vindica-</strong></span> 
     </span>
     <span class='ocr_line' id='line_1_6' title="bbox 57 818 1139 883; baseline 0.003 -16"><span class='ocrx_word' id='word_1_47' title='bbox 57 821 120 867; x_wconf 88' lang='lat' dir='ltr'><strong>tum.</strong></span> <span class='ocrx_word' id='word_1_48' title='bbox 141 820 315 878; x_wconf 85' lang='lat' dir='ltr'><strong>Laerymarum</strong></span> <span class='ocrx_word' id='word_1_49' title='bbox 331 818 417 866; x_wconf 84' lang='lat' dir='ltr'><strong>cttusio</strong></span> <span class='ocrx_word' id='word_1_50' title='bbox 434 819 513 866; x_wconf 85' lang='lat' dir='ltr'><strong>movit</strong></span> <span class='ocrx_word' id='word_1_51' title='bbox 532 831 587 877; x_wconf 74' lang='lat' dir='ltr'><strong>pss-</strong></span> <span class='ocrx_word' id='word_1_52' title='bbox 613 821 664 882; x_wconf 86' lang='lat' dir='ltr'><strong>ret,</strong></span> <span class='ocrx_word' id='word_1_53' title='bbox 686 821 766 870; x_wconf 88' lang='lat' dir='ltr'><strong>iraudi</strong></span> <span class='ocrx_word' id='word_1_54' title='bbox 787 822 813 870; x_wconf 86' lang='lat' dir='ltr'><strong>id</strong></span> <span class='ocrx_word' id='word_1_55' title='bbox 834 835 989 883; x_wconf 83' lang='lat' dir='ltr'><strong>nequaquam</strong></span> <span class='ocrx_word' id='word_1_56' title='bbox 1010 822 1139 883; x_wconf 77' lang='lat' dir='ltr'><strong>tuturum3</strong></span> 
     </span>
     <span class='ocr_line' id='line_1_7' title="bbox 57 887 1140 952; baseline 0.002 -16"><span class='ocrx_word' id='word_1_57' title='bbox 57 887 152 936; x_wconf 75' lang='lat' dir='ltr'><strong>aionem</strong></span> <span class='ocrx_word' id='word_1_58' title='bbox 170 887 266 947; x_wconf 89' lang='lat' dir='ltr'><strong>animi,</strong></span> <span class='ocrx_word' id='word_1_59' title='bbox 285 888 310 933; x_wconf 91' lang='lat' dir='ltr'><strong>et</strong></span> <span class='ocrx_word' id='word_1_60' title='bbox 328 887 443 936; x_wconf 85' lang='lat' dir='ltr'><strong>atiectum</strong></span> <span class='ocrx_word' id='word_1_61' title='bbox 460 887 586 948; x_wconf 75' lang='lat' dir='ltr'><strong>perpulit,</strong></span> <span class='ocrx_word' id='word_1_62' title='bbox 613 891 730 949; x_wconf 83' lang='lat' dir='ltr'><strong>populum</strong></span> <span class='ocrx_word' id='word_1_63' title='bbox 738 892 831 940; x_wconf 86' lang='lat' dir='ltr'><strong>etenim</strong></span> <span class='ocrx_word' id='word_1_64' title='bbox 841 890 926 939; x_wconf 86' lang='lat' dir='ltr'><strong>tavers</strong></span> <span class='ocrx_word' id='word_1_65' title='bbox 935 891 1077 952; x_wconf 77' lang='lat' dir='ltr'><strong>reparanda</strong></span> <span class='ocrx_word' id='word_1_66' title='bbox 1084 892 1140 939; x_wconf 77' lang='lat' dir='ltr'><strong>i‘ri·</strong></span> 
     </span>
     <span class='ocr_line' id='line_1_8' title="bbox 58 955 1140 1021; baseline 0.004 -17"><span class='ocrx_word' id='word_1_67' title='bbox 58 957 159 1004; x_wconf 76' lang='lat' dir='ltr'><strong>saevitiae</strong></span> <span class='ocrx_word' id='word_1_68' title='bbox 168 957 231 1003; x_wconf 86' lang='lat' dir='ltr'><strong>ratio</strong></span> <span class='ocrx_word' id='word_1_69' title='bbox 239 957 373 1004; x_wconf 86' lang='lat' dir='ltr'><strong>successit:</strong></span> <span class='ocrx_word' id='word_1_70' title='bbox 386 955 502 1017; x_wconf 76' lang='lat' dir='ltr'>missique</span> <span class='ocrx_word' id='word_1_71' title='bbox 512 955 586 1017; x_wconf 85' lang='lat' dir='ltr'><strong>legati</strong></span> <span class='ocrx_word' id='word_1_72' title='bbox 613 959 658 1007; x_wconf 79' lang='lat' dir='ltr'><strong>lus</strong></span> <span class='ocrx_word' id='word_1_73' title='bbox 670 961 832 1019; x_wconf 69' lang='lat' dir='ltr'><strong>successioni,</strong></span> <span class='ocrx_word' id='word_1_74' title='bbox 846 963 946 1021; x_wconf 78' lang='lat' dir='ltr'><strong>propter</strong></span> <span class='ocrx_word' id='word_1_75' title='bbox 958 962 1140 1015; x_wconf 80' lang='lat' dir='ltr'><strong>sacramentum</strong></span> 
     </span>
     <span class='ocr_line' id='line_1_9' title="bbox 57 1023 1140 1088; baseline 0.003 -16"><span class='ocrx_word' id='word_1_76' title='bbox 57 1025 88 1072; x_wconf 86' lang='lat' dir='ltr'><strong>ad</strong></span> <span class='ocrx_word' id='word_1_77' title='bbox 98 1028 227 1073; x_wconf 82' lang='lat' dir='ltr'><strong>sexcentos</strong></span> <span class='ocrx_word' id='word_1_78' title='bbox 242 1023 298 1071; x_wconf 90' lang='lat' dir='ltr'><strong>illos</strong></span> <span class='ocrx_word' id='word_1_79' title='bbox 311 1023 440 1081; x_wconf 81' lang='lat' dir='ltr'><strong>Beniamin</strong></span> <span class='ocrx_word' id='word_1_80' title='bbox 451 1024 531 1083; x_wconf 86' lang='lat' dir='ltr'><strong>viros,</strong></span> <span class='ocrx_word' id='word_1_81' title='bbox 543 1025 586 1087; x_wconf 89' lang='lat' dir='ltr'><strong>qui</strong></span> <span class='ocrx_word' id='word_1_82' title='bbox 613 1025 739 1086; x_wconf 83' lang='lat' dir='ltr'><strong>impertire</strong></span> <span class='ocrx_word' id='word_1_83' title='bbox 756 1041 805 1077; x_wconf 92' lang='lat' dir='ltr'><strong>non</strong></span> <span class='ocrx_word' id='word_1_84' title='bbox 823 1040 894 1088; x_wconf 81' lang='lat' dir='ltr'><strong>posse</strong></span> <span class='ocrx_word' id='word_1_85' title='bbox 913 1028 1019 1075; x_wconf 83' lang='lat' dir='ltr'><strong>tiliarum</strong></span> <span class='ocrx_word' id='word_1_86' title='bbox 1037 1039 1140 1082; x_wconf 79' lang='lat' dir='ltr'><strong>suarum</strong></span> 
     </span>
     <span class='ocr_line' id='line_1_10' title="bbox 57 1093 1140 1158; baseline 0.006 -19"><span class='ocrx_word' id='word_1_87' title='bbox 57 1104 103 1151; x_wconf 81' lang='lat' dir='ltr'><strong>per</strong></span> <span class='ocrx_word' id='word_1_88' title='bbox 112 1095 216 1152; x_wconf 85' lang='lat' dir='ltr'><strong>quatuor</strong></span> <span class='ocrx_word' id='word_1_89' title='bbox 226 1105 323 1142; x_wconf 88' lang='lat' dir='ltr'><strong>menses</strong></span> <span class='ocrx_word' id='word_1_90' title='bbox 333 1093 400 1141; x_wconf 90' lang='lat' dir='ltr'><strong>edito</strong></span> <span class='ocrx_word' id='word_1_91' title='bbox 410 1105 436 1140; x_wconf 89' lang='lat' dir='ltr'><strong>se</strong></span> <span class='ocrx_word' id='word_1_92' title='bbox 447 1096 585 1153; x_wconf 77' lang='lat' dir='ltr'><strong>praerupta-</strong></span> <span class='ocrx_word' id='word_1_93' title='bbox 612 1096 753 1144; x_wconf 87' lang='lat' dir='ltr'><strong>societatem</strong></span> <span class='ocrx_word' id='word_1_94' title='bbox 767 1110 774 1144; x_wconf 73' lang='grc' dir='ltr'><strong>ι</strong></span> <span class='ocrx_word' id='word_1_95' title='bbox 785 1109 865 1158; x_wconf 83' lang='lat' dir='ltr'><strong>neque</strong></span> <span class='ocrx_word' id='word_1_96' title='bbox 876 1098 959 1144; x_wconf 88' lang='lat' dir='ltr'><strong>tamen</strong></span> <span class='ocrx_word' id='word_1_97' title='bbox 967 1098 1051 1143; x_wconf 89' lang='lat' dir='ltr'><strong>contra</strong></span> <span class='ocrx_word' id='word_1_98' title='bbox 1060 1109 1140 1145; x_wconf 79' lang='lat' dir='ltr'><strong>sacra·</strong></span> 
     </span>
     <span class='ocr_line' id='line_1_11' title="bbox 57 1162 1139 1226; baseline 0.004 -18"><span class='ocrx_word' id='word_1_99' title='bbox 57 1173 112 1208; x_wconf 90' lang='lat' dir='ltr'><strong>rum</strong></span> <span class='ocrx_word' id='word_1_100' title='bbox 122 1163 255 1210; x_wconf 87' lang='lat' dir='ltr'><strong>tuebantur</strong></span> <span class='ocrx_word' id='word_1_101' title='bbox 264 1163 378 1222; x_wconf 85' lang='lat' dir='ltr'><strong>rupium,</strong></span> <span class='ocrx_word' id='word_1_102' title='bbox 388 1164 431 1210; x_wconf 87' lang='lat' dir='ltr'><strong>aui</strong></span> <span class='ocrx_word' id='word_1_103' title='bbox 440 1162 533 1210; x_wconf 90' lang='lat' dir='ltr'><strong>deserti</strong></span> <span class='ocrx_word' id='word_1_104' title='bbox 545 1163 586 1210; x_wconf 92' lang='lat' dir='ltr'><strong>ln·</strong></span> <span class='ocrx_word' id='word_1_105' title='bbox 612 1167 722 1211; x_wconf 87' lang='lat' dir='ltr'><strong>mentum</strong></span> <span class='ocrx_word' id='word_1_106' title='bbox 741 1166 834 1226; x_wconf 81' lang='lat' dir='ltr'><strong>rideri,</strong></span> <span class='ocrx_word' id='word_1_107' title='bbox 852 1166 873 1214; x_wconf 87' lang='lat' dir='ltr'><strong>si</strong></span> <span class='ocrx_word' id='word_1_108' title='bbox 890 1164 1073 1224; x_wconf 84' lang='lat' dir='ltr'><strong>prohibendum</strong></span> <span class='ocrx_word' id='word_1_109' title='bbox 1089 1177 1139 1213; x_wconf 90' lang='lat' dir='ltr'><strong>non</strong></span> 
     </span>
     <span class='ocr_line' id='line_1_12' title="bbox 58 1230 1139 1296; baseline 0.005 -19"><span class='ocrx_word' id='word_1_110' title='bbox 58 1230 166 1290; x_wconf 77' lang='lat' dir='ltr'><strong>digentis</strong></span> <span class='ocrx_word' id='word_1_111' title='bbox 174 1264 181 1290; x_wconf 90' lang='lat'><strong>,</strong></span> <span class='ocrx_word' id='word_1_112' title='bbox 190 1244 244 1290; x_wconf 82' lang='lat' dir='ltr'><strong>quas</strong></span> <span class='ocrx_word' id='word_1_113' title='bbox 256 1232 410 1280; x_wconf 79' lang='lat' dir='ltr'><strong>multitudini</strong></span> <span class='ocrx_word' id='word_1_114' title='bbox 420 1232 586 1280; x_wconf 74' lang='lat' dir='ltr'><strong>obsidentium</strong></span> <span class='ocrx_word' id='word_1_115' title='bbox 613 1236 723 1295; x_wconf 82' lang='lat' dir='ltr'><strong>putaret3</strong></span> <span class='ocrx_word' id='word_1_116' title='bbox 734 1235 791 1296; x_wconf 83' lang='lat' dir='ltr'><strong>quia</strong></span> <span class='ocrx_word' id='word_1_117' title='bbox 801 1234 952 1282; x_wconf 86' lang='lat' dir='ltr'><strong>sacramento</strong></span> <span class='ocrx_word' id='word_1_118' title='bbox 962 1247 1042 1294; x_wconf 84' lang='lat' dir='ltr'><strong>neque</strong></span> <span class='ocrx_word' id='word_1_119' title='bbox 1052 1245 1139 1293; x_wconf 83' lang='lat' dir='ltr'><strong>cogen-</strong></span> 
     </span>
     <span class='ocr_line' id='line_1_13' title="bbox 57 1298 1139 1365; baseline 0.005 -20"><span class='ocrx_word' id='word_1_120' title='bbox 57 1299 167 1358; x_wconf 80' lang='lat' dir='ltr'><strong>periculo</strong></span> <span class='ocrx_word' id='word_1_121' title='bbox 183 1298 259 1358; x_wconf 84' lang='lat' dir='ltr'><strong>toret,</strong></span> <span class='ocrx_word' id='word_1_122' title='bbox 269 1299 460 1359; x_wconf 81' lang='lat' dir='ltr'><strong>deploraverimi</strong></span> <span class='ocrx_word' id='word_1_123' title='bbox 475 1312 586 1348; x_wconf 89' lang='lat' dir='ltr'><strong>commu·</strong></span> <span class='ocrx_word' id='word_1_124' title='bbox 612 1302 651 1360; x_wconf 93' lang='lat' dir='ltr'><strong>di,</strong></span> <span class='ocrx_word' id='word_1_125' title='bbox 662 1316 743 1362; x_wconf 88' lang='lat' dir='ltr'><strong>neque</strong></span> <span class='ocrx_word' id='word_1_126' title='bbox 752 1301 899 1365; x_wconf 89' lang='lat' dir='ltr'><strong>probibendi</strong></span> <span class='ocrx_word' id='word_1_127' title='bbox 914 1303 1048 1350; x_wconf 76' lang='lat' dir='ltr'><strong>necessitas</strong></span> <span class='ocrx_word' id='word_1_128' title='bbox 1059 1303 1139 1362; x_wconf 79' lang='lat' dir='ltr'><strong>impo-</strong></span> 
     </span>
     <span class='ocr_line' id='line_1_14' title="bbox 57 1367 1139 1428; baseline 0.008 -16"><span class='ocrx_word' id='word_1_129' title='bbox 57 1378 114 1413; x_wconf 91' lang='lat' dir='ltr'><strong>nem</strong></span> <span class='ocrx_word' id='word_1_130' title='bbox 125 1367 192 1414; x_wconf 88' lang='lat' dir='ltr'><strong>illurn</strong></span> <span class='ocrx_word' id='word_1_131' title='bbox 202 1380 354 1428; x_wconf 74' lang='lat' dir='ltr'><strong>aerumnam,</strong></span> <span class='ocrx_word' id='word_1_132' title='bbox 367 1367 432 1428; x_wconf 88' lang='lat' dir='ltr'><strong>quod</strong></span> <span class='ocrx_word' id='word_1_133' title='bbox 442 1368 479 1415; x_wconf 93' lang='lat' dir='ltr'><strong>illi</strong></span> <span class='ocrx_word' id='word_1_134' title='bbox 491 1367 587 1415; x_wconf 87' lang='lat' dir='ltr'><strong>contri·</strong></span> <span class='ocrx_word' id='word_1_135' title='bbox 611 1371 657 1418; x_wconf 79' lang='lat' dir='ltr'><strong>sita</strong></span> <span class='ocrx_word' id='word_1_136' title='bbox 677 1370 804 1420; x_wconf 83' lang='lat' dir='ltr'><strong>videretur</strong></span> <span class='ocrx_word' id='word_1_137' title='bbox 820 1385 827 1417; x_wconf 74' lang='grc' dir='ltr'><strong>ε</strong></span> <span class='ocrx_word' id='word_1_138' title='bbox 843 1372 899 1418; x_wconf 86' lang='lat' dir='ltr'><strong>illos</strong></span> <span class='ocrx_word' id='word_1_139' title='bbox 926 1370 974 1419; x_wconf 92' lang='lat' dir='ltr'><strong>sibi</strong></span> <span class='ocrx_word' id='word_1_140' title='bbox 994 1370 1047 1418; x_wconf 88' lang='lat' dir='ltr'><strong>sine</strong></span> <span class='ocrx_word' id='word_1_141' title='bbox 1071 1372 1139 1421; x_wconf 87' lang='lat' dir='ltr'><strong>metu</strong></span> 
     </span>
     <span class='ocr_line' id='line_1_15' title="bbox 57 1433 1138 1500; baseline 0.002 -18"><span class='ocrx_word' id='word_1_142' title='bbox 57 1433 137 1497; x_wconf 87' lang='lat' dir='ltr'><strong>butes,</strong></span> <span class='ocrx_word' id='word_1_143' title='bbox 147 1435 585 1493; x_wconf 85' lang='lat' dir='ltr'><strong>isticognaiosetsoeiosamisissent;</strong></span> <span class='ocrx_word' id='word_1_144' title='bbox 611 1440 738 1488; x_wconf 70' lang='lat' dir='ltr'><strong>consulere</strong></span> <span class='ocrx_word' id='word_1_145' title='bbox 753 1442 877 1500; x_wconf 74' lang='lat' dir='ltr'><strong>oportere.</strong></span> <span class='ocrx_word' id='word_1_146' title='bbox 888 1440 951 1486; x_wconf 83' lang='lat' dir='ltr'><strong>saue</strong></span> <span class='ocrx_word' id='word_1_147' title='bbox 966 1438 986 1486; x_wconf 88' lang='lat' dir='ltr'><strong>si</strong></span> <span class='ocrx_word' id='word_1_148' title='bbox 999 1439 1138 1498; x_wconf 79' lang='lat' dir='ltr'><strong>puellarum</strong></span> 
     </span>
     <span class='ocr_line' id='line_1_16' title="bbox 57 1504 1138 1567; baseline 0.002 -15"><span class='ocrx_word' id='word_1_149' title='bbox 57 1504 101 1552; x_wconf 87' lang='lat' dir='ltr'><strong>sed</strong></span> <span class='ocrx_word' id='word_1_150' title='bbox 110 1505 192 1552; x_wconf 84' lang='lat' dir='ltr'><strong>tamen</strong></span> <span class='ocrx_word' id='word_1_151' title='bbox 202 1517 250 1552; x_wconf 89' lang='lat' dir='ltr'><strong>non</strong></span> <span class='ocrx_word' id='word_1_152' title='bbox 260 1504 361 1565; x_wconf 82' lang='lat' dir='ltr'><strong>penitus</strong></span> <span class='ocrx_word' id='word_1_153' title='bbox 370 1504 534 1565; x_wconf 79' lang='lat' dir='ltr'><strong>interceptam</strong></span> <span class='ocrx_word' id='word_1_154' title='bbox 543 1515 585 1551; x_wconf 89' lang='lat' dir='ltr'><strong>re·</strong></span> <span class='ocrx_word' id='word_1_155' title='bbox 610 1510 726 1567; x_wconf 80' lang='lat' dir='ltr'><strong>parentes</strong></span> <span class='ocrx_word' id='word_1_156' title='bbox 736 1508 872 1556; x_wconf 85' lang='lat' dir='ltr'><strong>vindictam</strong></span> <span class='ocrx_word' id='word_1_157' title='bbox 888 1507 1066 1567; x_wconf 80' lang='lat' dir='ltr'><strong>efflagitarent,</strong></span> <span class='ocrx_word' id='word_1_158' title='bbox 1081 1519 1138 1567; x_wconf 86' lang='lat' dir='ltr'><strong>par-</strong></span> 
     </span>
     <span class='ocr_line' id='line_1_17' title="bbox 57 1573 1138 1639; baseline 0.003 -19"><span class='ocrx_word' id='word_1_159' title='bbox 57 1573 170 1633; x_wconf 78' lang='lat' dir='ltr'><strong>parandm</strong></span> <span class='ocrx_word' id='word_1_160' title='bbox 187 1574 266 1623; x_wconf 87' lang='lat' dir='ltr'><strong>tribus</strong></span> <span class='ocrx_word' id='word_1_161' title='bbox 287 1574 466 1622; x_wconf 83' lang='lat' dir='ltr'><strong>successionem</strong></span> <span class='ocrx_word' id='word_1_162' title='bbox 477 1586 485 1620; x_wconf 84' lang='lat' dir='ltr'><strong>r</strong></span> <span class='ocrx_word' id='word_1_163' title='bbox 497 1585 585 1620; x_wconf 88' lang='lat' dir='ltr'><strong>eonsu-</strong></span> <span class='ocrx_word' id='word_1_164' title='bbox 612 1576 657 1623; x_wconf 91' lang='lat' dir='ltr'><strong>tim</strong></span> <span class='ocrx_word' id='word_1_165' title='bbox 670 1589 759 1637; x_wconf 86' lang='lat' dir='ltr'><strong>prees,</strong></span> <span class='ocrx_word' id='word_1_166' title='bbox 774 1577 864 1639; x_wconf 88' lang='lat' dir='ltr'><strong>partim</strong></span> <span class='ocrx_word' id='word_1_167' title='bbox 880 1576 957 1623; x_wconf 90' lang='lat' dir='ltr'><strong>etiam</strong></span> <span class='ocrx_word' id='word_1_168' title='bbox 974 1575 1138 1635; x_wconf 88' lang='lat' dir='ltr'><strong>retorquendo</strong></span> 
     </span>
     <span class='ocr_line' id='line_1_18' title="bbox 57 1641 1139 1705; baseline 0.003 -16"><span class='ocrx_word' id='word_1_169' title='bbox 57 1641 108 1690; x_wconf 91' lang='lat' dir='ltr'><strong>lere</strong></span> <span class='ocrx_word' id='word_1_170' title='bbox 126 1655 153 1690; x_wconf 87' lang='lat' dir='ltr'><strong>se</strong></span> <span class='ocrx_word' id='word_1_171' title='bbox 172 1643 199 1690; x_wconf 91' lang='lat' dir='ltr'><strong>in</strong></span> <span class='ocrx_word' id='word_1_172' title='bbox 216 1643 324 1691; x_wconf 88' lang='lat' dir='ltr'><strong>medium</strong></span> <span class='ocrx_word' id='word_1_173' title='bbox 334 1642 456 1702; x_wconf 83' lang='lat' dir='ltr'><strong>quomodo</strong></span> <span class='ocrx_word' id='word_1_174' title='bbox 466 1643 492 1690; x_wconf 87' lang='lat' dir='ltr'><strong>et</strong></span> <span class='ocrx_word' id='word_1_175' title='bbox 503 1652 585 1690; x_wconf 83' lang='lat' dir='ltr'><strong>sacra-</strong></span> <span class='ocrx_word' id='word_1_176' title='bbox 612 1645 638 1691; x_wconf 90' lang='lat' dir='ltr'><strong>in</strong></span> <span class='ocrx_word' id='word_1_177' title='bbox 649 1645 713 1705; x_wconf 83' lang='lat' dir='ltr'><strong>ipsos</strong></span> <span class='ocrx_word' id='word_1_178' title='bbox 733 1645 818 1693; x_wconf 83' lang='lat' dir='ltr'><strong>inritas</strong></span> <span class='ocrx_word' id='word_1_179' title='bbox 832 1645 930 1704; x_wconf 80' lang='lat' dir='ltr'><strong>culpam</strong></span> <span class='ocrx_word' id='word_1_180' title='bbox 942 1643 1074 1701; x_wconf 79' lang='lat' dir='ltr'><strong>custodiar,</strong></span> <span class='ocrx_word' id='word_1_181' title='bbox 1083 1656 1139 1692; x_wconf 87' lang='lat' dir='ltr'><strong>seso</strong></span> 
     </span>
     <span class='ocr_line' id='line_1_19' title="bbox 57 1710 1139 1774; baseline 0 -14"><span class='ocrx_word' id='word_1_182' title='bbox 57 1711 134 1760; x_wconf 83' lang='lat' dir='ltr'><strong>urenti</strong></span> <span class='ocrx_word' id='word_1_183' title='bbox 148 1710 209 1759; x_wconf 87' lang='lat' dir='ltr'><strong>tides</strong></span> <span class='ocrx_word' id='word_1_184' title='bbox 224 1711 272 1759; x_wconf 93' lang='lat' dir='ltr'><strong>sibi</strong></span> <span class='ocrx_word' id='word_1_185' title='bbox 287 1712 394 1770; x_wconf 88' lang='lat' dir='ltr'><strong>constet,</strong></span> <span class='ocrx_word' id='word_1_186' title='bbox 405 1711 431 1759; x_wconf 90' lang='lat' dir='ltr'><strong>et</strong></span> <span class='ocrx_word' id='word_1_187' title='bbox 444 1710 524 1758; x_wconf 89' lang='lat' dir='ltr'><strong>tribas</strong></span> <span class='ocrx_word' id='word_1_188' title='bbox 535 1720 585 1756; x_wconf 86' lang='lat' dir='ltr'><strong>uns</strong></span> <span class='ocrx_word' id='word_1_189' title='bbox 610 1716 781 1771; x_wconf 80' lang='lat' dir='ltr'><strong>revocaturos3</strong></span> <span class='ocrx_word' id='word_1_190' title='bbox 792 1714 849 1774; x_wconf 83' lang='lat' dir='ltr'><strong>qnia</strong></span> <span class='ocrx_word' id='word_1_191' title='bbox 867 1724 925 1760; x_wconf 92' lang='lat' dir='ltr'><strong>curn</strong></span> <span class='ocrx_word' id='word_1_192' title='bbox 940 1712 1034 1759; x_wconf 89' lang='lat' dir='ltr'><strong>seirent</strong></span> <span class='ocrx_word' id='word_1_193' title='bbox 1048 1713 1139 1770; x_wconf 88' lang='lat' dir='ltr'><strong>Benia-</strong></span> 
     </span>
     <span class='ocr_line' id='line_1_20' title="bbox 56 1776 1137 1840; baseline 0.002 -13"><span class='ocrx_word' id='word_1_194' title='bbox 56 1789 210 1840; x_wconf 78' lang='lat' dir='ltr'><strong>nequaguam</strong></span> <span class='ocrx_word' id='word_1_195' title='bbox 218 1792 232 1827; x_wconf 92' lang='lat' dir='ltr'><strong>a</strong></span> <span class='ocrx_word' id='word_1_196' title='bbox 239 1791 340 1840; x_wconf 80' lang='lat' dir='ltr'><strong>corpore</strong></span> <span class='ocrx_word' id='word_1_197' title='bbox 348 1779 432 1826; x_wconf 83' lang='lat' dir='ltr'><strong>avulsa</strong></span> <span class='ocrx_word' id='word_1_198' title='bbox 441 1776 584 1826; x_wconf 86' lang='lat' dir='ltr'><strong>intercidat.</strong></span> <span class='ocrx_word' id='word_1_199' title='bbox 611 1782 663 1828; x_wconf 90' lang='lat' dir='ltr'><strong>min</strong></span> <span class='ocrx_word' id='word_1_200' title='bbox 674 1783 740 1830; x_wconf 80' lang='lat' dir='ltr'><strong>viros</strong></span> <span class='ocrx_word' id='word_1_201' title='bbox 750 1783 861 1830; x_wconf 80' lang='lat' dir='ltr'><strong>exsortes</strong></span> <span class='ocrx_word' id='word_1_202' title='bbox 872 1793 925 1828; x_wconf 85' lang='lat' dir='ltr'><strong>esse</strong></span> <span class='ocrx_word' id='word_1_203' title='bbox 934 1781 1070 1840; x_wconf 86' lang='lat' dir='ltr'><strong>iugalium,</strong></span> <span class='ocrx_word' id='word_1_204' title='bbox 1081 1793 1137 1829; x_wconf 88' lang='lat' dir='ltr'><strong>cum</strong></span> 
     </span>
     <span class='ocr_line' id='line_1_21' title="bbox 87 1843 1138 1910; baseline -0.008 -4"><span class='ocrx_word' id='word_1_205' title='bbox 87 1848 127 1895; x_wconf 74' lang='lat'><strong>⁴5·</strong></span> <span class='ocrx_word' id='word_1_206' title='bbox 143 1848 220 1895; x_wconf 53' lang='lat' dir='ltr'><strong>Aluti</strong></span> <span class='ocrx_word' id='word_1_207' title='bbox 235 1848 317 1908; x_wconf 62' lang='lat' dir='ltr'><strong>mille</strong></span> <span class='ocrx_word' id='word_1_208' title='bbox 332 1847 423 1907; x_wconf 57' lang='grc' dir='ltr'><strong>ΜΝ),</strong></span> <span class='ocrx_word' id='word_1_209' title='bbox 438 1843 585 1893; x_wconf 58' lang='lat' dir='ltr'><strong>mutili&amp;-</strong></span> <span class='ocrx_word' id='word_1_210' title='bbox 611 1849 707 1898; x_wconf 80' lang='lat' dir='ltr'><strong>filiabus</strong></span> <span class='ocrx_word' id='word_1_211' title='bbox 721 1851 884 1910; x_wconf 82' lang='lat' dir='ltr'><strong>processerint</strong></span> <span class='ocrx_word' id='word_1_212' title='bbox 895 1862 903 1896; x_wconf 85' lang='lat' dir='ltr'><strong>r</strong></span> <span class='ocrx_word' id='word_1_213' title='bbox 913 1848 1012 1907; x_wconf 88' lang='lat' dir='ltr'><strong>dignam</strong></span> <span class='ocrx_word' id='word_1_214' title='bbox 1023 1862 1081 1897; x_wconf 86' lang='lat' dir='ltr'><strong>sane</strong></span> <span class='ocrx_word' id='word_1_215' title='bbox 1093 1851 1138 1898; x_wconf 90' lang='lat' dir='ltr'><strong>tri·</strong></span> 
     </span>
     <span class='ocr_line' id='line_1_22' title="bbox 57 1913 1186 1979; baseline 0.002 -15"><span class='ocrx_word' id='word_1_216' title='bbox 57 1916 132 1965; x_wconf 69' lang='lat' dir='ltr'><strong>bonis</strong></span> <span class='ocrx_word' id='word_1_217' title='bbox 147 1917 172 1964; x_wconf 89' lang='lat' dir='ltr'><strong>et</strong></span> <span class='ocrx_word' id='word_1_218' title='bbox 186 1916 373 1978; x_wconf 81' lang='lat' dir='ltr'><strong>pacisoblatum</strong></span> <span class='ocrx_word' id='word_1_219' title='bbox 387 1913 544 1963; x_wconf 80' lang='lat' dir='ltr'><strong>sacrificium.</strong></span> <span class='ocrx_word' id='word_1_220' title='bbox 556 1915 585 1962; x_wconf 87' lang='lat' dir='ltr'><strong>Bt</strong></span> <span class='ocrx_word' id='word_1_221' title='bbox 611 1917 1135 1979; x_wconf 77' lang='lat' dir='ltr'><strong>bumiamnonpnrna,sedmisericordia:</strong></span> <span class='ocrx_word' id='word_1_222' title='bbox 1183 1950 1186 1956; x_wconf 86' lang='lat'><em>-</em></span> 
     </span>
     <span class='ocr_line' id='line_1_23' title="bbox 57 1983 1138 2047; baseline 0.002 -15"><span class='ocrx_word' id='word_1_223' title='bbox 57 1987 115 2047; x_wconf 79' lang='lat' dir='ltr'><strong>qnia</strong></span> <span class='ocrx_word' id='word_1_224' title='bbox 125 1986 191 2033; x_wconf 82' lang='lat' dir='ltr'><strong>tabis</strong></span> <span class='ocrx_word' id='word_1_225' title='bbox 201 1984 290 2033; x_wconf 86' lang='lat' dir='ltr'><strong>Galasd</strong></span> <span class='ocrx_word' id='word_1_226' title='bbox 297 1984 402 2045; x_wconf 82' lang='lat' dir='ltr'><strong>populns</strong></span> <span class='ocrx_word' id='word_1_227' title='bbox 410 1983 464 2030; x_wconf 80' lang='lat' dir='ltr'><strong>erat</strong></span> <span class='ocrx_word' id='word_1_228' title='bbox 472 1994 551 2041; x_wconf 81' lang='lat' dir='ltr'><strong>poenae</strong></span> <span class='ocrx_word' id='word_1_229' title='bbox 560 1984 585 2031; x_wconf 90' lang='lat' dir='ltr'><strong>et</strong></span> <span class='ocrx_word' id='word_1_230' title='bbox 611 1986 740 2035; x_wconf 85' lang='lat' dir='ltr'><strong>satisdare</strong></span> <span class='ocrx_word' id='word_1_231' title='bbox 758 1987 871 2035; x_wconf 72' lang='lat' dir='ltr'><strong>saevitum</strong></span> <span class='ocrx_word' id='word_1_232' title='bbox 882 1985 909 2032; x_wconf 91' lang='lat' dir='ltr'><strong>in</strong></span> <span class='ocrx_word' id='word_1_233' title='bbox 924 1998 980 2045; x_wconf 88' lang='lat' dir='ltr'><strong>eos,</strong></span> <span class='ocrx_word' id='word_1_234' title='bbox 991 1987 1018 2034; x_wconf 90' lang='lat' dir='ltr'><strong>et</strong></span> <span class='ocrx_word' id='word_1_235' title='bbox 1028 1986 1138 2034; x_wconf 88' lang='lat' dir='ltr'><strong>debella·</strong></span> 
     </span>
     <span class='ocr_line' id='line_1_24' title="bbox 57 2052 1138 2114; baseline -0.002 -11"><span class='ocrx_word' id='word_1_236' title='bbox 57 2054 187 2103; x_wconf 87' lang='lat' dir='ltr'><strong>maledicto</strong></span> <span class='ocrx_word' id='word_1_237' title='bbox 197 2054 319 2102; x_wconf 80' lang='lat' dir='ltr'><strong>obnoxius</strong></span> <span class='ocrx_word' id='word_1_238' title='bbox 327 2052 505 2112; x_wconf 80' lang='lat' dir='ltr'><strong>(obstrinxerat</strong></span> <span class='ocrx_word' id='word_1_239' title='bbox 516 2052 583 2098; x_wconf 85' lang='lat' dir='ltr'><strong>enirn</strong></span> <span class='ocrx_word' id='word_1_240' title='bbox 611 2058 660 2103; x_wconf 88' lang='lat' dir='ltr'><strong>tam</strong></span> <span class='ocrx_word' id='word_1_241' title='bbox 669 2053 777 2114; x_wconf 83' lang='lat' dir='ltr'><strong>eorporis</strong></span> <span class='ocrx_word' id='word_1_242' title='bbox 784 2054 822 2102; x_wconf 88' lang='lat' dir='ltr'><strong>sui</strong></span> <span class='ocrx_word' id='word_1_243' title='bbox 834 2054 926 2114; x_wconf 83' lang='lat' dir='ltr'><strong>partem</strong></span> <span class='ocrx_word' id='word_1_244' title='bbox 936 2066 944 2100; x_wconf 80' lang='lat' dir='ltr'><strong>r</strong></span> <span class='ocrx_word' id='word_1_245' title='bbox 953 2053 1138 2103; x_wconf 79' lang='lat' dir='ltr'><strong>immoderatius</strong></span> 
     </span>
     <span class='ocr_line' id='line_1_25' title="bbox 57 2121 1137 2185; baseline -0.002 -12"><span class='ocrx_word' id='word_1_246' title='bbox 57 2138 83 2173; x_wconf 86' lang='lat' dir='ltr'><strong>se</strong></span> <span class='ocrx_word' id='word_1_247' title='bbox 98 2127 177 2172; x_wconf 90' lang='lat' dir='ltr'><strong>omnis</strong></span> <span class='ocrx_word' id='word_1_248' title='bbox 193 2124 267 2172; x_wconf 88' lang='lat' dir='ltr'><strong>lsrael</strong></span> <span class='ocrx_word' id='word_1_249' title='bbox 284 2135 370 2180; x_wconf 85' lang='lat' dir='ltr'><strong>magno</strong></span> <span class='ocrx_word' id='word_1_250' title='bbox 381 2122 546 2178; x_wconf 85' lang='lat' dir='ltr'><strong>sacramento,</strong></span> <span class='ocrx_word' id='word_1_251' title='bbox 555 2121 583 2168; x_wconf 86' lang='lat' dir='ltr'><strong>ut</strong></span> <span class='ocrx_word' id='word_1_252' title='bbox 611 2125 730 2173; x_wconf 79' lang='lat' dir='ltr'><strong>exarsisse</strong></span> <span class='ocrx_word' id='word_1_253' title='bbox 740 2124 855 2185; x_wconf 85' lang='lat' dir='ltr'><strong>piebem,</strong></span> <span class='ocrx_word' id='word_1_254' title='bbox 866 2125 894 2171; x_wconf 89' lang='lat' dir='ltr'><strong>ut</strong></span> <span class='ocrx_word' id='word_1_255' title='bbox 903 2122 1081 2171; x_wconf 81' lang='lat' dir='ltr'><strong>successionem</strong></span> <span class='ocrx_word' id='word_1_256' title='bbox 1093 2122 1137 2171; x_wconf 92' lang='lat' dir='ltr'><strong>do-</strong></span> 
     </span>
     <span class='ocr_line' id='line_1_26' title="bbox 57 2188 1138 2254; baseline -0.002 -12"><span class='ocrx_word' id='word_1_257' title='bbox 57 2195 78 2249; x_wconf 87' lang='lat' dir='ltr'><strong>si</strong></span> <span class='ocrx_word' id='word_1_258' title='bbox 88 2195 144 2254; x_wconf 88' lang='lat' dir='ltr'><strong>quis</strong></span> <span class='ocrx_word' id='word_1_259' title='bbox 154 2207 202 2242; x_wconf 89' lang='lat' dir='ltr'><strong>non</strong></span> <span class='ocrx_word' id='word_1_260' title='bbox 212 2192 377 2241; x_wconf 80' lang='lat' dir='ltr'><strong>adscendisset</strong></span> <span class='ocrx_word' id='word_1_261' title='bbox 388 2201 444 2237; x_wconf 89' lang='lat' dir='ltr'><strong>curn</strong></span> <span class='ocrx_word' id='word_1_262' title='bbox 454 2201 484 2236; x_wconf 89' lang='lat' dir='ltr'><strong>eo</strong></span> <span class='ocrx_word' id='word_1_263' title='bbox 495 2188 525 2235; x_wconf 92' lang='lat' dir='ltr'><strong>ad</strong></span> <span class='ocrx_word' id='word_1_264' title='bbox 536 2200 584 2248; x_wconf 88' lang='lat' dir='ltr'><strong>pu-</strong></span> <span class='ocrx_word' id='word_1_265' title='bbox 611 2193 736 2241; x_wconf 81' lang='lat' dir='ltr'><strong>mestieam</strong></span> <span class='ocrx_word' id='word_1_266' title='bbox 758 2192 931 2251; x_wconf 70' lang='lat' dir='ltr'><strong>extingueret,</strong></span> <span class='ocrx_word' id='word_1_267' title='bbox 949 2191 1023 2251; x_wconf 87' lang='lat' dir='ltr'><strong>atque</strong></span> <span class='ocrx_word' id='word_1_268' title='bbox 1034 2204 1068 2239; x_wconf 86' lang='lat' dir='ltr'><strong>ex</strong></span> <span class='ocrx_word' id='word_1_269' title='bbox 1085 2191 1138 2240; x_wconf 87' lang='lat' dir='ltr'><strong>suis</strong></span> 
     </span>
     <span class='ocr_line' id='line_1_27' title="bbox 57 2254 1139 2323; baseline -0.003 -12"><span class='ocrx_word' id='word_1_270' title='bbox 57 2263 175 2311; x_wconf 85' lang='lat' dir='ltr'><strong>alendum</strong></span> <span class='ocrx_word' id='word_1_271' title='bbox 190 2261 324 2322; x_wconf 85' lang='lat' dir='ltr'><strong>flagitium,</strong></span> <span class='ocrx_word' id='word_1_272' title='bbox 336 2259 414 2306; x_wconf 89' lang='lat' dir='ltr'><strong>morte</strong></span> <span class='ocrx_word' id='word_1_273' title='bbox 429 2254 581 2319; x_wconf 88' lang='lat' dir='ltr'><strong>moreretur)</strong></span> <span class='ocrx_word' id='word_1_274' title='bbox 610 2263 711 2310; x_wconf 72' lang='lat' dir='ltr'><strong>necaret</strong></span> <span class='ocrx_word' id='word_1_275' title='bbox 722 2276 729 2309; x_wconf 76' lang='lat' dir='ltr'><strong>r</strong></span> <span class='ocrx_word' id='word_1_276' title='bbox 741 2262 838 2323; x_wconf 80' lang='lat' dir='ltr'><strong>plaeere</strong></span> <span class='ocrx_word' id='word_1_277' title='bbox 849 2262 901 2309; x_wconf 83' lang='lat' dir='ltr'><strong>Deo</strong></span> <span class='ocrx_word' id='word_1_278' title='bbox 910 2273 959 2308; x_wconf 89' lang='lat' dir='ltr'><strong>non</strong></span> <span class='ocrx_word' id='word_1_279' title='bbox 969 2261 1051 2320; x_wconf 80' lang='lat' dir='ltr'><strong>perire</strong></span> <span class='ocrx_word' id='word_1_280' title='bbox 1061 2273 1139 2323; x_wconf 53' lang='lat' dir='ltr'><strong>popuf</strong></span> 
     </span>
     <span class='ocr_line' id='line_1_28' title="bbox 57 2325 1135 2392; baseline -0.006 -12"><span class='ocrx_word' id='word_1_281' title='bbox 57 2333 185 2380; x_wconf 87' lang='lat' dir='ltr'><strong>duodecim</strong></span> <span class='ocrx_word' id='word_1_282' title='bbox 196 2332 273 2379; x_wconf 89' lang='lat' dir='ltr'><strong>millia</strong></span> <span class='ocrx_word' id='word_1_283' title='bbox 281 2330 428 2377; x_wconf 89' lang='lat' dir='ltr'><strong>bellatorum</strong></span> <span class='ocrx_word' id='word_1_284' title='bbox 438 2325 546 2385; x_wconf 88' lang='lat' dir='ltr'><strong>direcla;</strong></span> <span class='ocrx_word' id='word_1_285' title='bbox 556 2328 584 2373; x_wconf 91' lang='lat' dir='ltr'><strong>ul</strong></span> <span class='ocrx_word' id='word_1_286' title='bbox 611 2334 634 2380; x_wconf 80' lang='grc' dir='ltr'><strong>ιο</strong></span> <span class='ocrx_word' id='word_1_287' title='bbox 642 2331 750 2391; x_wconf 78' lang='lat' dir='ltr'><strong>tribum,</strong></span> <span class='ocrx_word' id='word_1_288' title='bbox 761 2343 843 2391; x_wconf 76' lang='lat' dir='ltr'><strong>neque</strong></span> <span class='ocrx_word' id='word_1_289' title='bbox 853 2343 898 2392; x_wconf 81' lang='lat' dir='ltr'><strong>pro</strong></span> <span class='ocrx_word' id='word_1_290' title='bbox 908 2342 958 2378; x_wconf 86' lang='lat' dir='ltr'><strong>una</strong></span> <span class='ocrx_word' id='word_1_291' title='bbox 968 2329 1073 2378; x_wconf 82' lang='lat' dir='ltr'><strong>muliere</strong></span> <span class='ocrx_word' id='word_1_292' title='bbox 1085 2331 1135 2379; x_wconf 83' lang='lat' dir='ltr'><strong>tam</strong></span> 
     </span>
     <span class='ocr_line' id='line_1_29' title="bbox 57 2394 809 2450; baseline -0.012 -1"><span class='ocrx_word' id='word_1_293' title='bbox 57 2403 83 2449; x_wconf 87' lang='lat' dir='ltr'><strong>et</strong></span> <span class='ocrx_word' id='word_1_294' title='bbox 93 2402 141 2449; x_wconf 84' lang='lat' dir='ltr'><strong>viri</strong></span> <span class='ocrx_word' id='word_1_295' title='bbox 157 2412 240 2448; x_wconf 88' lang='lat' dir='ltr'><strong>omnes</strong></span> <span class='ocrx_word' id='word_1_296' title='bbox 255 2401 281 2447; x_wconf 87' lang='lat' dir='ltr'><strong>ei</strong></span> <span class='ocrx_word' id='word_1_297' title='bbox 292 2398 408 2445; x_wconf 88' lang='lat' dir='ltr'><strong>mulieres</strong></span> <span class='ocrx_word' id='word_1_298' title='bbox 422 2394 487 2442; x_wconf 88' lang='lat' dir='ltr'><strong>ierro</strong></span> <span class='ocrx_word' id='word_1_299' title='bbox 499 2396 585 2442; x_wconf 84' lang='lat' dir='ltr'><strong>extin-</strong></span> <span class='ocrx_word' id='word_1_300' title='bbox 611 2401 809 2450; x_wconf 61' lang='lat' dir='ltr'><strong>acerheconguli,</strong></span> 
     </span>
     <span class='ocr_line' id='line_1_30' title="bbox 56 2461 1136 2530; baseline 0 -14"><span class='ocrx_word' id='word_1_301' title='bbox 56 2469 204 2530; x_wconf 85' lang='lat' dir='ltr'><strong>guerentur,</strong></span> <span class='ocrx_word' id='word_1_302' title='bbox 218 2467 281 2515; x_wconf 85' lang='lat' dir='ltr'><strong>solas</strong></span> <span class='ocrx_word' id='word_1_303' title='bbox 296 2464 375 2514; x_wconf 79' lang='lat' dir='ltr'><strong>virilis</strong></span> <span class='ocrx_word' id='word_1_304' title='bbox 392 2461 457 2510; x_wconf 77' lang='lat' dir='ltr'><strong>thori</strong></span> <span class='ocrx_word' id='word_1_305' title='bbox 474 2463 586 2510; x_wconf 70' lang='lat' dir='ltr'><strong>exsortes</strong></span> <span class='ocrx_word' id='word_1_306' title='bbox 642 2467 992 2518; x_wconf 81' lang='lat' dir='ltr'><strong>l7.Prsbavernntconsilium</strong></span> <span class='ocrx_word' id='word_1_307' title='bbox 1003 2468 1136 2516; x_wconf 75' lang='lat' dir='ltr'><strong>israelitas</strong></span> 
     </span>
     <span class='ocr_line' id='line_1_31' title="bbox 57 2530 1137 2599; baseline -0.004 -13"><span class='ocrx_word' id='word_1_308' title='bbox 57 2538 211 2587; x_wconf 82' lang='lat' dir='ltr'><strong>reservarent</strong></span> <span class='ocrx_word' id='word_1_309' title='bbox 227 2533 430 2583; x_wconf 85' lang='lat' dir='ltr'><strong>adolescentulas.</strong></span> <span class='ocrx_word' id='word_1_310' title='bbox 445 2530 586 2579; x_wconf 82' lang='lat' dir='ltr'><strong>interiectis</strong></span> <span class='ocrx_word' id='word_1_311' title='bbox 612 2538 744 2599; x_wconf 71' lang='lat' dir='ltr'><strong>exsequull</strong></span> <span class='ocrx_word' id='word_1_312' title='bbox 758 2538 817 2585; x_wconf 79' lang='lat' dir='ltr'><strong>sunt</strong></span> <span class='ocrx_word' id='word_1_313' title='bbox 829 2535 877 2585; x_wconf 78' lang='lat' dir='ltr'><strong>riri</strong></span> <span class='ocrx_word' id='word_1_314' title='bbox 889 2534 1032 2595; x_wconf 77' lang='lat' dir='ltr'><strong>Beniamin,</strong></span> <span class='ocrx_word' id='word_1_315' title='bbox 1050 2538 1075 2582; x_wconf 91' lang='lat' dir='ltr'><strong>et</strong></span> <span class='ocrx_word' id='word_1_316' title='bbox 1086 2535 1137 2584; x_wconf 88' lang='lat' dir='ltr'><strong>dis·</strong></span> 
     </span>
     <span class='ocr_line' id='line_1_32' title="bbox 57 2599 1138 2667; baseline -0.01 -12"><span class='ocrx_word' id='word_1_317' title='bbox 57 2608 140 2667; x_wconf 84' lang='lat' dir='ltr'><strong>itaque</strong></span> <span class='ocrx_word' id='word_1_318' title='bbox 151 2605 263 2653; x_wconf 89' lang='lat' dir='ltr'><strong>omnibus</strong></span> <span class='ocrx_word' id='word_1_319' title='bbox 273 2602 340 2648; x_wconf 81' lang='lat' dir='ltr'><strong>tabis</strong></span> <span class='ocrx_word' id='word_1_320' title='bbox 351 2600 455 2658; x_wconf 86' lang='lat' dir='ltr'><strong>Galaad,</strong></span> <span class='ocrx_word' id='word_1_321' title='bbox 466 2599 524 2646; x_wconf 76' lang='lat' dir='ltr'><strong>sulm</strong></span> <span class='ocrx_word' id='word_1_322' title='bbox 535 2600 587 2646; x_wconf 85' lang='lat' dir='ltr'><strong>rir-</strong></span> <span class='ocrx_word' id='word_1_323' title='bbox 613 2607 684 2666; x_wconf 69' lang='lat' dir='ltr'><strong>posili</strong></span> <span class='ocrx_word' id='word_1_324' title='bbox 696 2607 721 2652; x_wconf 76' lang='lat' dir='ltr'><strong>in</strong></span> <span class='ocrx_word' id='word_1_325' title='bbox 735 2605 817 2653; x_wconf 71' lang='lat' dir='ltr'><strong>vineis</strong></span> <span class='ocrx_word' id='word_1_326' title='bbox 827 2605 880 2652; x_wconf 72' lang='lat'><strong>1000</strong></span> <span class='ocrx_word' id='word_1_327' title='bbox 890 2604 1025 2663; x_wconf 75' lang='lat' dir='ltr'><strong>opportuno</strong></span> <span class='ocrx_word' id='word_1_328' title='bbox 1035 2604 1061 2650; x_wconf 82' lang='lat' dir='ltr'><strong>et</strong></span> <span class='ocrx_word' id='word_1_329' title='bbox 1074 2605 1138 2650; x_wconf 73' lang='lat' dir='ltr'><strong>iem.</strong></span> 
     </span>
     <span class='ocr_line' id='line_1_33' title="bbox 57 2668 1138 2735; baseline -0.008 -12"><span class='ocrx_word' id='word_1_330' title='bbox 57 2677 126 2735; x_wconf 87' lang='lat' dir='ltr'><strong>gines</strong></span> <span class='ocrx_word' id='word_1_331' title='bbox 144 2672 326 2735; x_wconf 76' lang='lat' dir='ltr'><strong>quadringentae</strong></span> <span class='ocrx_word' id='word_1_332' title='bbox 342 2668 421 2716; x_wconf 82' lang='lat' dir='ltr'><strong>exitio</strong></span> <span class='ocrx_word' id='word_1_333' title='bbox 440 2668 586 2716; x_wconf 82' lang='lat' dir='ltr'><strong>eaeterorum</strong></span> <span class='ocrx_word' id='word_1_334' title='bbox 613 2686 685 2734; x_wconf 81' lang='lat' dir='ltr'><strong>pore,</strong></span> <span class='ocrx_word' id='word_1_335' title='bbox 697 2674 782 2735; x_wconf 80' lang='lat' dir='ltr'><strong>plenas</strong></span> <span class='ocrx_word' id='word_1_336' title='bbox 798 2671 899 2719; x_wconf 81' lang='lat' dir='ltr'><strong>teminei</strong></span> <span class='ocrx_word' id='word_1_337' title='bbox 911 2671 1014 2732; x_wconf 79' lang='lat' dir='ltr'><strong>agminis</strong></span> <span class='ocrx_word' id='word_1_338' title='bbox 1024 2671 1077 2719; x_wconf 78' lang='lat' dir='ltr'><strong>vias</strong></span> <span class='ocrx_word' id='word_1_339' title='bbox 1096 2684 1138 2720; x_wconf 82' lang='lat' dir='ltr'><strong>oe-</strong></span> 
     </span>
     <span class='ocr_line' id='line_1_34' title="bbox 56 2737 1139 2803; baseline -0.005 -10"><span class='ocrx_word' id='word_1_340' title='bbox 56 2740 240 2803; x_wconf 79' lang='lat' dir='ltr'><strong>superiuerunt.</strong></span> <span class='ocrx_word' id='word_1_341' title='bbox 262 2740 326 2796; x_wconf 85' lang='lat' dir='ltr'><strong>Quas</strong></span> <span class='ocrx_word' id='word_1_342' title='bbox 344 2737 469 2795; x_wconf 83' lang='lat' dir='ltr'><strong>accipiens</strong></span> <span class='ocrx_word' id='word_1_343' title='bbox 490 2738 587 2797; x_wconf 81' lang='lat' dir='ltr'><strong>lsrael,</strong></span> <span class='ocrx_word' id='word_1_344' title='bbox 613 2743 773 2803; x_wconf 71' lang='lat' dir='ltr'><strong>cubaverunt.</strong></span> <span class='ocrx_word' id='word_1_345' title='bbox 789 2741 895 2790; x_wconf 70' lang='lat' dir='ltr'><strong>Praebuit</strong></span> <span class='ocrx_word' id='word_1_346' title='bbox 909 2739 960 2787; x_wconf 92' lang='lat' dir='ltr'><strong>illis</strong></span> <span class='ocrx_word' id='word_1_347' title='bbox 974 2738 1064 2788; x_wconf 84' lang='lat' dir='ltr'><strong>testum</strong></span> <span class='ocrx_word' id='word_1_348' title='bbox 1075 2754 1139 2802; x_wconf 87' lang='lat' dir='ltr'><strong>nup-</strong></span> 
     </span>
     <span class='ocr_line' id='line_1_35' title="bbox 57 2805 1138 2871; baseline -0.001 -10"><span class='ocrx_word' id='word_1_349' title='bbox 57 2810 217 2861; x_wconf 79' lang='lat' dir='ltr'><strong>statuitviros</strong></span> <span class='ocrx_word' id='word_1_350' title='bbox 227 2807 354 2864; x_wconf 76' lang='lat' dir='ltr'><strong>Beniamin</strong></span> <span class='ocrx_word' id='word_1_351' title='bbox 365 2805 425 2853; x_wconf 89' lang='lat' dir='ltr'><strong>belli</strong></span> <span class='ocrx_word' id='word_1_352' title='bbox 439 2807 531 2853; x_wconf 89' lang='lat' dir='ltr'><strong>metum</strong></span> <span class='ocrx_word' id='word_1_353' title='bbox 541 2807 586 2854; x_wconf 90' lang='lat' dir='ltr'><strong>de·</strong></span> <span class='ocrx_word' id='word_1_354' title='bbox 613 2814 702 2860; x_wconf 85' lang='lat' dir='ltr'><strong>tiaram</strong></span> <span class='ocrx_word' id='word_1_355' title='bbox 724 2810 851 2871; x_wconf 71' lang='lat' dir='ltr'><strong>religionis</strong></span> <span class='ocrx_word' id='word_1_356' title='bbox 873 2808 1021 2856; x_wconf 86' lang='lat' dir='ltr'><strong>solemnitas.</strong></span> <span class='ocrx_word' id='word_1_357' title='bbox 1042 2809 1138 2860; x_wconf 74' lang='lat' dir='ltr'><strong>avulso</strong></span> 
     </span>
     <span class='ocr_line' id='line_1_36' title="bbox 57 2874 1138 2940; baseline -0.002 -14"><span class='ocrx_word' id='word_1_358' title='bbox 57 2891 164 2940; x_wconf 85' lang='lat' dir='ltr'><strong>ponere,</strong></span> <span class='ocrx_word' id='word_1_359' title='bbox 180 2878 206 2924; x_wconf 89' lang='lat' dir='ltr'><strong>et</strong></span> <span class='ocrx_word' id='word_1_360' title='bbox 220 2877 246 2923; x_wconf 95' lang='lat' dir='ltr'><strong>in</strong></span> <span class='ocrx_word' id='word_1_361' title='bbox 263 2875 405 2934; x_wconf 87' lang='lat' dir='ltr'><strong>coniugium</strong></span> <span class='ocrx_word' id='word_1_362' title='bbox 421 2874 468 2921; x_wconf 92' lang='lat' dir='ltr'><strong>sibi</strong></span> <span class='ocrx_word' id='word_1_363' title='bbox 487 2886 585 2923; x_wconf 86' lang='lat' dir='ltr'><strong>sumere</strong></span> <span class='ocrx_word' id='word_1_364' title='bbox 612 2880 643 2929; x_wconf 91' lang='lat' dir='ltr'><strong>de</strong></span> <span class='ocrx_word' id='word_1_365' title='bbox 651 2880 781 2940; x_wconf 79' lang='lat' dir='ltr'><strong>complexu</strong></span> <span class='ocrx_word' id='word_1_366' title='bbox 791 2880 886 2939; x_wconf 79' lang='lat' dir='ltr'><strong>patrum</strong></span> <span class='ocrx_word' id='word_1_367' title='bbox 896 2876 968 2935; x_wconf 88' lang='lat' dir='ltr'><strong>illias,</strong></span> <span class='ocrx_word' id='word_1_368' title='bbox 978 2876 1103 2938; x_wconf 83' lang='lat' dir='ltr'><strong>tamquam</strong></span> <span class='ocrx_word' id='word_1_369' title='bbox 1111 2877 1138 2928; x_wconf 85' lang='lat' dir='ltr'><strong>in</strong></span> 
     </span>
     <span class='ocr_line' id='line_1_37' title="bbox 57 2942 1141 3008; baseline -0.01 -13"><span class='ocrx_word' id='word_1_370' title='bbox 57 2950 165 3007; x_wconf 78' lang='lat' dir='ltr'><strong>integras</strong></span> <span class='ocrx_word' id='word_1_371' title='bbox 180 2946 227 2994; x_wconf 76' lang='lat' dir='ltr'><strong>ari</strong></span> <span class='ocrx_word' id='word_1_372' title='bbox 236 2944 308 3002; x_wconf 81' lang='lat' dir='ltr'><strong>iaxta</strong></span> <span class='ocrx_word' id='word_1_373' title='bbox 319 2955 347 2990; x_wconf 82' lang='lat' dir='ltr'><strong>ac</strong></span> <span class='ocrx_word' id='word_1_374' title='bbox 361 2942 460 3002; x_wconf 80' lang='lat' dir='ltr'><strong>pudoris</strong></span> <span class='ocrx_word' id='word_1_375' title='bbox 470 2943 585 3002; x_wconf 79' lang='lat' dir='ltr'><strong>puellas:</strong></span> <span class='ocrx_word' id='word_1_376' title='bbox 611 2960 710 2996; x_wconf 77' lang='lat' dir='ltr'><strong>manum</strong></span> <span class='ocrx_word' id='word_1_377' title='bbox 725 2948 756 2996; x_wconf 73' lang='lat' dir='ltr'><strong>ab</strong></span> <span class='ocrx_word' id='word_1_378' title='bbox 772 2947 832 3008; x_wconf 64' lang='lat' dir='ltr'><strong>ipsis</strong></span> <span class='ocrx_word' id='word_1_379' title='bbox 848 2944 991 3007; x_wconf 73' lang='lat' dir='ltr'><strong>parentibus</strong></span> <span class='ocrx_word' id='word_1_380' title='bbox 1007 2946 1141 2996; x_wconf 61' lang='lat' dir='ltr'><strong>traditan.</strong></span> 
     </span>
     <span class='ocr_line' id='line_1_38' title="bbox 56 3011 1138 3079; baseline 0 -14"><span class='ocrx_word' id='word_1_381' title='bbox 56 3018 146 3079; x_wconf 84' lang='lat' dir='ltr'><strong>quibus</strong></span> <span class='ocrx_word' id='word_1_382' title='bbox 162 3016 188 3063; x_wconf 92' lang='lat' dir='ltr'><strong>et</strong></span> <span class='ocrx_word' id='word_1_383' title='bbox 204 3027 275 3062; x_wconf 81' lang='lat' dir='ltr'><strong>causa</strong></span> <span class='ocrx_word' id='word_1_384' title='bbox 291 3014 356 3060; x_wconf 87' lang='lat' dir='ltr'><strong>esset</strong></span> <span class='ocrx_word' id='word_1_385' title='bbox 366 3011 432 3073; x_wconf 87' lang='lat' dir='ltr'><strong>apud</strong></span> <span class='ocrx_word' id='word_1_386' title='bbox 442 3011 511 3059; x_wconf 80' lang='lat' dir='ltr'><strong>viros</strong></span> <span class='ocrx_word' id='word_1_387' title='bbox 521 3011 585 3060; x_wconf 84' lang='lat' dir='ltr'><strong>inte·</strong></span> <span class='ocrx_word' id='word_1_388' title='bbox 612 3020 666 3076; x_wconf 91' lang='lat' dir='ltr'><strong>tur,</strong></span> <span class='ocrx_word' id='word_1_389' title='bbox 685 3018 711 3066; x_wconf 91' lang='lat' dir='ltr'><strong>et</strong></span> <span class='ocrx_word' id='word_1_390' title='bbox 727 3018 795 3066; x_wconf 81' lang='lat' dir='ltr'><strong>velut</strong></span> <span class='ocrx_word' id='word_1_391' title='bbox 811 3017 931 3076; x_wconf 81' lang='lat' dir='ltr'><strong>paetame</strong></span> <span class='ocrx_word' id='word_1_392' title='bbox 948 3014 1042 3073; x_wconf 89' lang='lat' dir='ltr'><strong>gremio</strong></span> <span class='ocrx_word' id='word_1_393' title='bbox 1053 3016 1138 3065; x_wconf 82' lang='lat' dir='ltr'><strong>matria</strong></span> 
     </span>
     <span class='ocr_line' id='line_1_39' title="bbox 57 3080 1138 3147; baseline 0.002 -17"><span class='ocrx_word' id='word_1_394' title='bbox 57 3100 114 3147; x_wconf 78' lang='lat' dir='ltr'><strong>gra,</strong></span> <span class='ocrx_word' id='word_1_395' title='bbox 124 3084 188 3145; x_wconf 85' lang='lat' dir='ltr'><strong>quod</strong></span> <span class='ocrx_word' id='word_1_396' title='bbox 200 3094 272 3132; x_wconf 87' lang='lat' dir='ltr'><strong>nemo</strong></span> <span class='ocrx_word' id='word_1_397' title='bbox 288 3093 386 3129; x_wconf 89' lang='lat' dir='ltr'><strong>suorum</strong></span> <span class='ocrx_word' id='word_1_398' title='bbox 397 3080 526 3127; x_wconf 85' lang='lat' dir='ltr'><strong>adversum</strong></span> <span class='ocrx_word' id='word_1_399' title='bbox 543 3093 585 3128; x_wconf 86' lang='lat' dir='ltr'><strong>eos</strong></span> <span class='ocrx_word' id='word_1_400' title='bbox 612 3099 659 3133; x_wconf 84' lang='lat' dir='ltr'><strong>non</strong></span> <span class='ocrx_word' id='word_1_401' title='bbox 675 3085 780 3144; x_wconf 77' lang='lat' dir='ltr'><strong>ahduci,</strong></span> <span class='ocrx_word' id='word_1_402' title='bbox 798 3084 841 3132; x_wconf 85' lang='lat' dir='ltr'><strong>sed</strong></span> <span class='ocrx_word' id='word_1_403' title='bbox 859 3083 957 3144; x_wconf 86' lang='lat' dir='ltr'><strong>prodire</strong></span> <span class='ocrx_word' id='word_1_404' title='bbox 973 3083 1138 3138; x_wconf 79' lang='lat' dir='ltr'><strong>arbitrareris,</strong></span> 
     </span>
     <span class='ocr_line' id='line_1_40' title="bbox 58 3149 1138 3212; baseline -0.004 -10"><span class='ocrx_word' id='word_1_405' title='bbox 58 3157 150 3204; x_wconf 88' lang='lat' dir='ltr'><strong>bellum</strong></span> <span class='ocrx_word' id='word_1_406' title='bbox 160 3151 301 3212; x_wconf 78' lang='lat' dir='ltr'><strong>smceperat</strong></span> <span class='ocrx_word' id='word_1_407' title='bbox 314 3164 319 3195; x_wconf 91' lang='lat'><strong>:</strong></span> <span class='ocrx_word' id='word_1_408' title='bbox 333 3152 357 3196; x_wconf 91' lang='lat' dir='ltr'><strong>el</strong></span> <span class='ocrx_word' id='word_1_409' title='bbox 369 3149 478 3196; x_wconf 88' lang='lat' dir='ltr'><strong>caritatis</strong></span> <span class='ocrx_word' id='word_1_410' title='bbox 489 3150 566 3207; x_wconf 80' lang='lat' dir='ltr'><strong>grstia</strong></span> <span class='ocrx_word' id='word_1_411' title='bbox 580 3181 587 3206; x_wconf 92' lang='lat'><strong>,</strong></span> <span class='ocrx_word' id='word_1_412' title='bbox 612 3157 647 3201; x_wconf 89' lang='lat' dir='ltr'><strong>lta</strong></span> <span class='ocrx_word' id='word_1_413' title='bbox 669 3155 748 3201; x_wconf 88' lang='lat' dir='ltr'><strong>tribus</strong></span> <span class='ocrx_word' id='word_1_414' title='bbox 767 3151 894 3209; x_wconf 88' lang='lat' dir='ltr'><strong>Beniamin</strong></span> <span class='ocrx_word' id='word_1_415' title='bbox 915 3163 979 3209; x_wconf 87' lang='lat' dir='ltr'><strong>pene</strong></span> <span class='ocrx_word' id='word_1_416' title='bbox 1000 3150 1138 3210; x_wconf 80' lang='lat' dir='ltr'><strong>intercepta</strong></span> 
     </span>
     <span class='ocr_line' id='line_1_41' title="bbox 59 3216 1138 3284; baseline -0.003 -16"><span class='ocrx_word' id='word_1_417' title='bbox 59 3225 115 3284; x_wconf 82' lang='lat' dir='ltr'><strong>quia</strong></span> <span class='ocrx_word' id='word_1_418' title='bbox 137 3224 236 3282; x_wconf 80' lang='lat' dir='ltr'><strong>propter</strong></span> <span class='ocrx_word' id='word_1_419' title='bbox 260 3231 302 3265; x_wconf 90' lang='lat' dir='ltr'><strong>eos</strong></span> <span class='ocrx_word' id='word_1_420' title='bbox 326 3228 440 3276; x_wconf 85' lang='lat' dir='ltr'><strong>supremo</strong></span> <span class='ocrx_word' id='word_1_421' title='bbox 465 3217 586 3275; x_wconf 81' lang='lat' dir='ltr'><strong>supplicio</strong></span> <span class='ocrx_word' id='word_1_422' title='bbox 612 3223 684 3281; x_wconf 87' lang='lat' dir='ltr'><strong>atque</strong></span> <span class='ocrx_word' id='word_1_423' title='bbox 695 3221 805 3267; x_wconf 82' lang='lat' dir='ltr'><strong>extincta</strong></span> <span class='ocrx_word' id='word_1_424' title='bbox 816 3216 885 3265; x_wconf 88' lang='lat' dir='ltr'><strong>brevi</strong></span> <span class='ocrx_word' id='word_1_425' title='bbox 898 3216 1138 3274; x_wconf 85' lang='lat' dir='ltr'><strong>tioruit,documen·</strong></span> 
     </span>
     <span class='ocr_line' id='line_1_42' title="bbox 59 3283 1139 3351; baseline -0.004 -14"><span class='ocrx_word' id='word_1_426' title='bbox 59 3294 149 3351; x_wconf 75' lang='lat' dir='ltr'><strong>ereptae</strong></span> <span class='ocrx_word' id='word_1_427' title='bbox 169 3289 257 3336; x_wconf 85' lang='lat' dir='ltr'><strong>terent.</strong></span> <span class='ocrx_word' id='word_1_428' title='bbox 280 3287 328 3331; x_wconf 84' lang='lat' dir='ltr'><strong>lior</strong></span> <span class='ocrx_word' id='word_1_429' title='bbox 345 3284 420 3343; x_wconf 86' lang='lat' dir='ltr'><strong>igitur</strong></span> <span class='ocrx_word' id='word_1_430' title='bbox 435 3283 506 3329; x_wconf 81' lang='lat' dir='ltr'><strong>inodo</strong></span> <span class='ocrx_word' id='word_1_431' title='bbox 524 3296 587 3343; x_wconf 89' lang='lat' dir='ltr'><strong>qua·</strong></span> <span class='ocrx_word' id='word_1_432' title='bbox 612 3292 664 3335; x_wconf 90' lang='lat' dir='ltr'><strong>tum</strong></span> <span class='ocrx_word' id='word_1_433' title='bbox 680 3287 817 3345; x_wconf 80' lang='lat' dir='ltr'><strong>exbibens,</strong></span> <span class='ocrx_word' id='word_1_434' title='bbox 832 3284 897 3344; x_wconf 87' lang='lat' dir='ltr'><strong>quud</strong></span> <span class='ocrx_word' id='word_1_435' title='bbox 914 3295 1001 3343; x_wconf 90' lang='lat' dir='ltr'><strong>magno</strong></span> <span class='ocrx_word' id='word_1_436' title='bbox 1014 3283 1091 3330; x_wconf 83' lang='lat' dir='ltr'><strong>exitio</strong></span> <span class='ocrx_word' id='word_1_437' title='bbox 1107 3285 1139 3333; x_wconf 89' lang='lat' dir='ltr'><strong>sit</strong></span> 
     </span>
     <span class='ocr_line' id='line_1_43' title="bbox 59 3351 1141 3420; baseline -0.012 -12"><span class='ocrx_word' id='word_1_438' title='bbox 59 3351 585 3420; x_wconf 83' lang='lat' dir='ltr'><strong>dringentisiasenibusqusesitacopularum</strong></span> <span class='ocrx_word' id='word_1_439' title='bbox 613 3351 1141 3414; x_wconf 66' lang='lat' dir='ltr'><strong>insolentibusvindictapudicitiee,etlasa</strong></span> 
     </span>
     <span class='ocr_line' id='line_1_44' title="bbox 58 3422 813 3479; baseline -0.009 -2"><span class='ocrx_word' id='word_1_440' title='bbox 58 3430 178 3479; x_wconf 88' lang='lat' dir='ltr'><strong>consortia</strong></span> <span class='ocrx_word' id='word_1_441' title='bbox 190 3429 255 3475; x_wconf 87' lang='lat' dir='ltr'><strong>sunt.</strong></span> <span class='ocrx_word' id='word_1_442' title='bbox 614 3422 813 3473; x_wconf 85' lang='lat' dir='ltr'><strong>castitatisultio.</strong></span> 
     </span>
    </p>

    <p class='ocr_par' dir='ltr' id='par_1_3' title="bbox 59 3491 1144 4175">
     <span class='ocr_line' id='line_1_45' title="bbox 90 3491 1139 3557; baseline -0.002 -11"><span class='ocrx_word' id='word_1_443' title='bbox 90 3500 128 3546; x_wconf 78' lang='lat' dir='ltr'><strong>id.</strong></span> <span class='ocrx_word' id='word_1_444' title='bbox 140 3498 188 3545; x_wconf 86' lang='lat' dir='ltr'><strong>Sed</strong></span> <span class='ocrx_word' id='word_1_445' title='bbox 202 3497 259 3557; x_wconf 84' lang='lat' dir='ltr'><strong>quia</strong></span> <span class='ocrx_word' id='word_1_446' title='bbox 271 3492 369 3541; x_wconf 86' lang='lat' dir='ltr'><strong>ducenti</strong></span> <span class='ocrx_word' id='word_1_447' title='bbox 387 3502 488 3538; x_wconf 89' lang='lat' dir='ltr'><strong>numero</strong></span> <span class='ocrx_word' id='word_1_448' title='bbox 499 3502 586 3550; x_wconf 84' lang='lat' dir='ltr'><strong>super·</strong></span> <span class='ocrx_word' id='word_1_449' title='bbox 644 3495 681 3541; x_wconf 88' lang='lat' dir='ltr'><strong>l8.</strong></span> <span class='ocrx_word' id='word_1_450' title='bbox 693 3495 741 3540; x_wconf 86' lang='lat' dir='ltr'><strong>b&#39;ec</strong></span> <span class='ocrx_word' id='word_1_451' title='bbox 756 3494 800 3540; x_wconf 91' lang='lat' dir='ltr'><strong>boc</strong></span> <span class='ocrx_word' id='word_1_452' title='bbox 815 3493 866 3539; x_wconf 90' lang='lat' dir='ltr'><strong>solo</strong></span> <span class='ocrx_word' id='word_1_453' title='bbox 880 3491 949 3551; x_wconf 89' lang='lat' dir='ltr'><strong>loco,</strong></span> <span class='ocrx_word' id='word_1_454' title='bbox 960 3493 1004 3541; x_wconf 90' lang='lat' dir='ltr'><strong>sed</strong></span> <span class='ocrx_word' id='word_1_455' title='bbox 1014 3495 1139 3556; x_wconf 84' lang='lat' dir='ltr'><strong>plerisque</strong></span> 
     </span>
     <span class='ocr_line' id='line_1_46' title="bbox 60 3560 1139 3628; baseline -0.006 -11"><span class='ocrx_word' id='word_1_456' title='bbox 60 3569 143 3627; x_wconf 90' lang='lat' dir='ltr'><strong>erant,</strong></span> <span class='ocrx_word' id='word_1_457' title='bbox 152 3569 242 3628; x_wconf 78' lang='lat' dir='ltr'><strong>quilius</strong></span> <span class='ocrx_word' id='word_1_458' title='bbox 253 3565 348 3623; x_wconf 84' lang='lat' dir='ltr'><strong>iugales</strong></span> <span class='ocrx_word' id='word_1_459' title='bbox 355 3562 472 3618; x_wconf 87' lang='lat' dir='ltr'><strong>deerant,</strong></span> <span class='ocrx_word' id='word_1_460' title='bbox 482 3561 512 3608; x_wconf 88' lang='lat' dir='ltr'><strong>iis</strong></span> <span class='ocrx_word' id='word_1_461' title='bbox 528 3575 587 3621; x_wconf 87' lang='lat' dir='ltr'><strong>quo·</strong></span> <span class='ocrx_word' id='word_1_462' title='bbox 613 3561 736 3621; x_wconf 85' lang='lat' dir='ltr'><strong>Scriptura</strong></span> <span class='ocrx_word' id='word_1_463' title='bbox 751 3561 795 3608; x_wconf 90' lang='lat' dir='ltr'><strong>boe</strong></span> <span class='ocrx_word' id='word_1_464' title='bbox 809 3560 888 3607; x_wconf 86' lang='lat' dir='ltr'><strong>docet.</strong></span> <span class='ocrx_word' id='word_1_465' title='bbox 900 3560 959 3605; x_wconf 85' lang='lat' dir='ltr'><strong>llam</strong></span> <span class='ocrx_word' id='word_1_466' title='bbox 970 3563 995 3607; x_wconf 88' lang='lat' dir='ltr'><strong>el</strong></span> <span class='ocrx_word' id='word_1_467' title='bbox 1010 3562 1037 3608; x_wconf 93' lang='lat' dir='ltr'><strong>in</strong></span> <span class='ocrx_word' id='word_1_468' title='bbox 1048 3562 1139 3615; x_wconf 86' lang='lat' dir='ltr'><strong>Genesi</strong></span> 
     </span>
     <span class='ocr_line' id='line_1_47' title="bbox 59 3629 1139 3699; baseline -0.003 -15"><span class='ocrx_word' id='word_1_469' title='bbox 59 3651 107 3699; x_wconf 88' lang='lat' dir='ltr'><strong>que</strong></span> <span class='ocrx_word' id='word_1_470' title='bbox 123 3638 177 3684; x_wconf 86' lang='lat' dir='ltr'><strong>sine</strong></span> <span class='ocrx_word' id='word_1_471' title='bbox 196 3635 283 3682; x_wconf 78' lang='lat' dir='ltr'><strong>fraude</strong></span> <span class='ocrx_word' id='word_1_472' title='bbox 304 3633 510 3679; x_wconf 80' lang='lat' dir='ltr'><strong>sacramentorum</strong></span> <span class='ocrx_word' id='word_1_473' title='bbox 529 3644 588 3678; x_wconf 91' lang='lat' dir='ltr'><strong>con·</strong></span> <span class='ocrx_word' id='word_1_474' title='bbox 614 3629 1139 3692; x_wconf 78' lang='lat' dir='ltr'><strong>legimnsexcrcitnmquaestionibusregem</strong></span> 
     </span>
     <span class='ocr_line' id='line_1_48' title="bbox 59 3697 1142 3763; baseline -0.009 -10"><span class='ocrx_word' id='word_1_475' title='bbox 59 3707 152 3753; x_wconf 86' lang='lat' dir='ltr'><strong>sultam</strong></span> <span class='ocrx_word' id='word_1_476' title='bbox 167 3704 315 3763; x_wconf 81' lang='lat' dir='ltr'><strong>accepimus.</strong></span> <span class='ocrx_word' id='word_1_477' title='bbox 330 3702 390 3747; x_wconf 81' lang='lat' dir='ltr'><strong>bles</strong></span> <span class='ocrx_word' id='word_1_478' title='bbox 406 3701 482 3748; x_wconf 87' lang='lat' dir='ltr'><strong>iestus</strong></span> <span class='ocrx_word' id='word_1_479' title='bbox 496 3701 521 3746; x_wconf 91' lang='lat' dir='ltr'><strong>in</strong></span> <span class='ocrx_word' id='word_1_480' title='bbox 538 3700 588 3746; x_wconf 84' lang='lat' dir='ltr'><strong>Silo</strong></span> <span class='ocrx_word' id='word_1_481' title='bbox 614 3699 706 3760; x_wconf 78' lang='lat' dir='ltr'><strong>AEgypti</strong></span> <span class='ocrx_word' id='word_1_482' title='bbox 723 3699 832 3756; x_wconf 85' lang='lat' dir='ltr'><strong>Pharao,</strong></span> <span class='ocrx_word' id='word_1_483' title='bbox 847 3697 911 3758; x_wconf 91' lang='lat' dir='ltr'><strong>quod</strong></span> <span class='ocrx_word' id='word_1_484' title='bbox 926 3698 1010 3745; x_wconf 79' lang='lat' dir='ltr'><strong>Sarum</strong></span> <span class='ocrx_word' id='word_1_485' title='bbox 1026 3700 1142 3748; x_wconf 55' lang='lat' dir='ltr'><strong>adtenta,</strong></span> 
     </span>
     <span class='ocr_line' id='line_1_49' title="bbox 59 3766 1140 3834; baseline -0.003 -14"><span class='ocrx_word' id='word_1_486' title='bbox 59 3774 188 3834; x_wconf 81' lang='lat' dir='ltr'><strong>quotannis</strong></span> <span class='ocrx_word' id='word_1_487' title='bbox 207 3770 385 3819; x_wconf 87' lang='lat' dir='ltr'><strong>celebrabatur.</strong></span> <span class='ocrx_word' id='word_1_488' title='bbox 405 3769 443 3815; x_wconf 93' lang='lat' dir='ltr'><strong>lbi</strong></span> <span class='ocrx_word' id='word_1_489' title='bbox 462 3769 586 3817; x_wconf 81' lang='lat' dir='ltr'><strong>exsultare</strong></span> <span class='ocrx_word' id='word_1_490' title='bbox 614 3769 702 3828; x_wconf 78' lang='lat' dir='ltr'><strong>rissct3</strong></span> <span class='ocrx_word' id='word_1_491' title='bbox 713 3769 739 3815; x_wconf 91' lang='lat' dir='ltr'><strong>et</strong></span> <span class='ocrx_word' id='word_1_492' title='bbox 750 3768 831 3814; x_wconf 88' lang='lat' dir='ltr'><strong>tamen</strong></span> <span class='ocrx_word' id='word_1_493' title='bbox 842 3766 948 3813; x_wconf 89' lang='lat' dir='ltr'><strong>alienam</strong></span> <span class='ocrx_word' id='word_1_494' title='bbox 961 3779 1016 3816; x_wconf 87' lang='lat' dir='ltr'><strong>esse</strong></span> <span class='ocrx_word' id='word_1_495' title='bbox 1033 3781 1140 3823; x_wconf 81' lang='lat' dir='ltr'><strong>uxorem</strong></span> 
     </span>
     <span class='ocr_line' id='line_1_50' title="bbox 60 3837 744 3900; baseline -0.009 -11"><span class='ocrx_word' id='word_1_496' title='bbox 60 3843 138 3889; x_wconf 78' lang='lat' dir='ltr'><strong>solite</strong></span> <span class='ocrx_word' id='word_1_497' title='bbox 159 3842 279 3900; x_wconf 84' lang='lat' dir='ltr'><strong>virgines,</strong></span> <span class='ocrx_word' id='word_1_498' title='bbox 292 3841 316 3887; x_wconf 91' lang='lat' dir='ltr'><strong>et</strong></span> <span class='ocrx_word' id='word_1_499' title='bbox 335 3840 435 3886; x_wconf 82' lang='lat' dir='ltr'><strong>choreas</strong></span> <span class='ocrx_word' id='word_1_500' title='bbox 454 3838 545 3885; x_wconf 83' lang='lat' dir='ltr'><strong>ducere</strong></span> <span class='ocrx_word' id='word_1_501' title='bbox 563 3838 587 3884; x_wconf 92' lang='lat' dir='ltr'><strong>in</strong></span> <span class='ocrx_word' id='word_1_502' title='bbox 614 3837 744 3886; x_wconf 85' lang='lat' dir='ltr'><strong>nesciebat.</strong></span> 
     </span>
     <span class='ocr_line' id='line_1_51' title="bbox 60 3903 1142 3969; baseline -0.005 -11"><span class='ocrx_word' id='word_1_503' title='bbox 60 3912 179 3958; x_wconf 90' lang='lat' dir='ltr'><strong>bonorem</strong></span> <span class='ocrx_word' id='word_1_504' title='bbox 190 3910 399 3969; x_wconf 78' lang='lat' dir='ltr'><strong>religionisrelim</strong></span> <span class='ocrx_word' id='word_1_505' title='bbox 410 3908 496 3967; x_wconf 79' lang='lat' dir='ltr'><strong>praeire</strong></span> <span class='ocrx_word' id='word_1_506' title='bbox 506 3906 590 3954; x_wconf 90' lang='lat' dir='ltr'><strong>matri·</strong></span> <span class='ocrx_word' id='word_1_507' title='bbox 652 3907 690 3955; x_wconf 86' lang='lat' dir='ltr'><strong>ru.</strong></span> <span class='ocrx_word' id='word_1_508' title='bbox 719 3906 760 3954; x_wconf 80' lang='lat' dir='ltr'><strong>Est</strong></span> <span class='ocrx_word' id='word_1_509' title='bbox 784 3904 863 3966; x_wconf 82' lang='lat' dir='ltr'><strong>igitur</strong></span> <span class='ocrx_word' id='word_1_510' title='bbox 890 3906 992 3954; x_wconf 86' lang='lat' dir='ltr'><strong>Domine</strong></span> <span class='ocrx_word' id='word_1_511' title='bbox 1020 3903 1142 3953; x_wconf 89' lang='lat' dir='ltr'><strong>castitatis</strong></span> 
     </span>
     <span class='ocr_line' id='line_1_52' title="bbox 59 3972 1139 4037; baseline -0.006 -10"><span class='ocrx_word' id='word_1_512' title='bbox 59 3981 123 4037; x_wconf 88' lang='lat' dir='ltr'><strong>bus,</strong></span> <span class='ocrx_word' id='word_1_513' title='bbox 145 3980 170 4026; x_wconf 92' lang='lat' dir='ltr'><strong>et</strong></span> <span class='ocrx_word' id='word_1_514' title='bbox 192 3980 270 4026; x_wconf 86' lang='lat' dir='ltr'><strong>toturn</strong></span> <span class='ocrx_word' id='word_1_515' title='bbox 291 3980 339 4026; x_wconf 91' lang='lat' dir='ltr'><strong>iter</strong></span> <span class='ocrx_word' id='word_1_516' title='bbox 358 3977 455 4036; x_wconf 85' lang='lat' dir='ltr'><strong>agmine</strong></span> <span class='ocrx_word' id='word_1_517' title='bbox 478 3976 588 4023; x_wconf 77' lang='lat' dir='ltr'><strong>staurium</strong></span> <span class='ocrx_word' id='word_1_518' title='bbox 616 3975 712 4024; x_wconf 76' lang='lat' dir='ltr'><strong>tuendas</strong></span> <span class='ocrx_word' id='word_1_519' title='bbox 739 3975 869 4032; x_wconf 83' lang='lat' dir='ltr'><strong>voluntas,</strong></span> <span class='ocrx_word' id='word_1_520' title='bbox 890 3975 982 4033; x_wconf 84' lang='lat' dir='ltr'><strong>quanto</strong></span> <span class='ocrx_word' id='word_1_521' title='bbox 1003 3972 1080 4032; x_wconf 87' lang='lat' dir='ltr'><strong>magis</strong></span> <span class='ocrx_word' id='word_1_522' title='bbox 1100 3972 1139 4021; x_wconf 84' lang='lat' dir='ltr'><strong>est</strong></span> 
     </span>
     <span class='ocr_line' id='line_1_53' title="bbox 59 4039 1144 4109; baseline -0.009 -11"><span class='ocrx_word' id='word_1_523' title='bbox 59 4050 161 4109; x_wconf 82' lang='lat' dir='ltr'><strong>repleri.</strong></span> <span class='ocrx_word' id='word_1_524' title='bbox 178 4050 247 4095; x_wconf 75' lang='lat' dir='ltr'><strong>Dixit</strong></span> <span class='ocrx_word' id='word_1_525' title='bbox 262 4061 325 4095; x_wconf 85' lang='lat' dir='ltr'><strong>uuus</strong></span> <span class='ocrx_word' id='word_1_526' title='bbox 340 4061 372 4095; x_wconf 80' lang='lat' dir='ltr'><strong>ex</strong></span> <span class='ocrx_word' id='word_1_527' title='bbox 387 4046 545 4095; x_wconf 79' lang='lat' dir='ltr'><strong>senioribus:</strong></span> <span class='ocrx_word' id='word_1_528' title='bbox 562 4044 588 4092; x_wconf 87' lang='lat' dir='ltr'><strong>Si</strong></span> <span class='ocrx_word' id='word_1_529' title='bbox 615 4039 1144 4102; x_wconf 63' lang='lat' dir='ltr'><strong>nereusanaaemtegrituistunaenmune</strong></span> 
     </span>
     <span class='ocr_line' id='line_1_54' title="bbox 60 4107 1143 4175; baseline -0.007 -10"><span class='ocrx_word' id='word_1_530' title='bbox 60 4118 162 4170; x_wconf 84' lang='lat' dir='ltr'><strong>ducenti</strong></span> <span class='ocrx_word' id='word_1_531' title='bbox 178 4117 216 4164; x_wconf 89' lang='lat' dir='ltr'><strong>illi</strong></span> <span class='ocrx_word' id='word_1_532' title='bbox 231 4115 310 4174; x_wconf 79' lang='lat' dir='ltr'><strong>tribus</strong></span> <span class='ocrx_word' id='word_1_533' title='bbox 321 4114 450 4173; x_wconf 86' lang='lat' dir='ltr'><strong>Beniamin</strong></span> <span class='ocrx_word' id='word_1_534' title='bbox 465 4114 513 4164; x_wconf 83' lang='lat' dir='ltr'><strong>siri</strong></span> <span class='ocrx_word' id='word_1_535' title='bbox 525 4113 590 4164; x_wconf 76' lang='lat' dir='ltr'><strong>intra</strong></span> <span class='ocrx_word' id='word_1_536' title='bbox 615 4113 657 4162; x_wconf 91' lang='lat' dir='ltr'><strong>bet</strong></span> <span class='ocrx_word' id='word_1_537' title='bbox 673 4108 808 4175; x_wconf 76' lang='lat' dir='ltr'><strong>virginibus</strong></span> <span class='ocrx_word' id='word_1_538' title='bbox 826 4110 900 4159; x_wconf 86' lang='lat' dir='ltr'><strong>sacris</strong></span> <span class='ocrx_word' id='word_1_539' title='bbox 915 4108 1015 4171; x_wconf 86' lang='lat' dir='ltr'><strong>irrogari</strong></span> <span class='ocrx_word' id='word_1_540' title='bbox 1034 4107 1143 4175; x_wconf 66' lang='lat' dir='ltr'><strong>iniurisi</strong></span> 
     </span>
    </p>
   </div>
   <div class='ocr_carea' id='block_1_3' title="bbox 0 0 1323 4784">
    <p class='ocr_par' dir='ltr' id='par_1_4' title="bbox 0 0 1323 4784">
     <span class='ocr_line' id='line_1_55' title="bbox 0 0 1323 4784; baseline 0 0"><span class='ocrx_word' id='word_1_541' title='bbox 0 0 1323 4784; x_wconf 95' lang='lat' dir='ltr'><strong> </strong></span> 
     </span>
    </p>
   </div>
  </div>
 </body>
</html>
