2632 4784
285 451 328 497 ba
342 454 445 498 OBITU
460 456 714 503 VALENTINIANI
729 460 955 508 consumto·
1118 459 1163 512 187

73 543 135 591 rea,
152 532 227 594 pieria
241 532 354 594 tharsim
366 548 396 583 eo
407 535 472 595 quod
487 536 605 586 inuerbis
629 552 712 589 rursus
730 544 888 603 convertere,
907 547 981 605 atque
993 543 1023 592 aii
1041 546 1161 596 itterasa-

73 602 127 660 ojas
134 601 232 661 justitia
242 602 386 663 refulgeret,
400 605 502 653 intactis
509 608 535 654 et
544 618 606 666 ope·
629 612 679 658 tem
691 609 758 657 iham
768 611 896 661 civitatem
907 614 1050 662 sauctorum
1061 616 1112 663 tota
1122 617 1165 664 ia·

73 672 141 719 ribus
150 672 405 731 reniteretpratiarin
413 675 604 736 quoetpleuuru
630 677 739 726 tentione
751 678 850 727 tostina.
863 682 988 730 autcario
1000 683 1058 744 quta
1070 682 1102 730 ad
1110 684 1164 732 ani·

72 739 605 802 virtutisetautboritatisrepaiisessetatlo·
629 761 693 797 mam
710 747 777 809 ptam
795 750 905 800 christus
923 752 969 800 boe
990 752 1065 813 dicit,
1090 753 1164 812 jubet

72 810 226 870 qulam,nec
235 810 604 873 intiexaaiiquornorttsterrore
629 817 696 864 itiam
708 817 833 879 pauIIsper
843 820 973 880 eonverti;
990 822 1019 868 ut
1029 821 1101 869 nobis
1109 823 1164 883 gio-

73 879 223 939 comtantia,
252 881 279 927 et
302 880 424 930 tactorum
450 883 558 942 pretiosa
578 884 604 932 et
628 883 664 931 ria
682 884 736 943 eius
756 887 887 946 appareat,
909 889 935 935 et
956 887 1057 949 requies
1078 888 1164 938 futura

73 948 201 996 emendata
212 951 347 1009 comaclim
358 950 514 999 omnirenim
524 951 604 1000 ιιοιιιιι
628 965 683 1001 cum
692 953 782 1002 sanctis
793 968 800 1000 ι
813 958 839 1003 et
848 957 933 1016 postea
941 955 1055 1016 precipit
1067 969 1121 1004 eam
1130 955 1162 1006 ad

73 1018 293 1078 operariusmaaus
303 1019 392 1067 Christi
403 1020 450 1067 est.
628 1022 690 1069 iilud
712 1035 848 1084 supernum
874 1025 1019 1074 unctorum
1042 1024 1161 1074 testiaaro

102 1086 141 1135 63.
153 1090 243 1137 Fauces
252 1089 300 1147 rr'ur
311 1090 452 1148 dulcedines,
464 1092 486 1138 ct
494 1092 556 1140 totas
563 1092 604 1139 ds·
627 1090 787 1139 conseritum.
853 1120 857 1129 ι

72 1157 190 1204 dicrum
209 1157 287 1215 Quam
297 1155 379 1204 dulcia
390 1158 457 1205 enirn
469 1158 552 1206 oruata
560 1158 602 1217 ju·
657 1160 696 1209 66.
709 1162 769 1222 Quid
783 1162 897 1220 uidebitis,
908 1161 990 1224 inquii
1001 1195 1009 1223 ,
1024 1166 1049 1212 tn
1059 1163 1162 1212 solami-

73 1224 202 1283 diciaejus
212 1226 384 1274 universorum
396 1226 603 1276 taueibusadbae-
627 1231 686 1288 tide,
697 1243 749 1290 ᾳιιω
767 1232 829 1279 veuit
850 1232 910 1280 ucat
929 1232 994 1280 abari
1010 1231 1162 1282 castrorum!

72 1293 169 1342 seruati
188 1295 284 1353 Quanta
294 1294 373 1355 pratia
389 1307 514 1343 sermones
525 1296 602 1356 ipsias
627 1297 672 1345 hoc
683 1298 733 1355 est,
744 1297 771 1344 in
782 1309 811 1345 ea
821 1311 878 1359 qua
889 1299 996 1348 multam
1005 1301 1031 1347 et
1042 1299 1163 1349 aduenas

72 1361 162 1424 singuli
183 1363 355 1412 recensentur!
377 1363 601 1425 Quemadmodum,
626 1366 744 1425 plurimos
762 1366 789 1414 in
800 1378 902 1428 corpore
920 1368 1034 1428 praeliata
1046 1369 1092 1416 est.
1105 1369 1162 1417 hta·

72 1431 120 1491 uti,
138 1432 309 1480 desiderarisa
325 1431 436 1493 poputist
456 1432 516 1480 htihi
533 1435 601 1482 certe
626 1435 677 1482 nim
696 1435 813 1496 pugnavit
823 1435 941 1484 adversus
953 1437 1086 1486 extraneos
1102 1437 1162 1487 hoo·

72 1500 232 1562 irupressisti,
251 1514 305 1562 quas
320 1503 420 1560 pectore
431 1502 505 1549 teneo
525 1502 601 1550 rerba
626 1504 678 1563 tes,
689 1504 809 1565 pugnavit
820 1503 938 1553 adversus
951 1505 1059 1553 lubricas
1074 1504 1160 1554 wenti

72 1569 260 1632 iltapostremo,
272 1568 362 1630 quibas
376 1581 417 1616 me
428 1570 518 1617 vadem
531 1572 601 1618 tuunr
626 1573 789 1634 mutationes,
796 1573 914 1634 pugnavit
924 1573 1041 1622 adversus
1050 1574 1162 1636 corporis

71 1637 126 1688 fleri
141 1639 288 1700 postulabas.
307 1638 440 1699 Reliquisti
451 1639 505 1699 ipse
516 1639 548 1687 de
559 1652 599 1688 me
625 1641 784 1702 tragilitates,
805 1642 922 1690 adinrare
940 1645 1091 1704 multiplices
1102 1656 1157 1704 pas·

72 1707 239 1757 totimouiam
254 1707 344 1767 judieii
362 1707 469 1767 gloriosi.
488 1709 536 1769 Epo
553 1708 599 1755 tibi
626 1709 715 1758 aiones.
737 1710 840 1758 audivit
855 1723 870 1764 a
887 1711 991 1759 bomine
1002 1725 1009 1756 ι
1021 1715 1160 1762 conuertere

71 1775 145 1826 idern
151 1788 232 1825 meam
242 1777 364 1826 exhibere
375 1789 424 1824 nou
435 1776 518 1837 potui,
527 1788 601 1837 quam
625 1780 751 1827 Solantia.
761 1780 882 1826 conversa
890 1780 928 1827 est
939 1779 969 1826 ad
981 1792 1069 1840 pacem
1081 1782 1160 1830 minei

72 1845 200 1906 parabam
212 1846 264 1893 dixi
275 1847 357 1894 tamen
365 1846 470 1905 absens,
481 1847 507 1894 et
514 1844 601 1892 ‹itesa-
626 1847 651 1893 in
662 1848 765 1908 wenta,
774 1859 892 1894 conversa
901 1848 940 1895 est
950 1849 1040 1896 iterata
1051 1861 1161 1897 eommu-

71 1916 123 1963 tem
136 1927 176 1964 ne
187 1914 260 1964 tidem
271 1927 314 1975 pro
328 1915 354 1964 te
364 1915 473 1964 christus
491 1913 598 1962 audiuit.
626 1915 738 1962 nionead
755 1915 857 1976 pratum
875 1914 982 1974 CbrIsti;
993 1917 1018 1963 et
1030 1916 1087 1963 ideo
1099 1917 1160 1977 put·

71 1983 180 2033 ianuar
197 1984 223 2031 tn
248 1985 310 2033 coele
335 1983 433 2043 spemin
458 1995 529 2042 mea,
552 1982 599 2030 etsi
626 1982 803 2031 craeonrersio
820 1981 873 2041 eius
888 1983 1028 2044 insecuto,
1040 1985 1159 2045 pulcher·

71 2064 121 2103 nou
138 2052 236 2102 tenuat
253 2052 280 2100 in
300 2052 375 2100 terris
387 2067 394 2099 a
405 2051 528 2112 obligatus
545 2062 601 2099 sum
625 2051 877 2111 rimusiucessuseius
885 2053 1013 2101 strateius
1024 2054 1160 2103 incretum.

72 2120 600 2183 ileo,etsiaonpotuihominibusobiiqari.
655 2119 695 2166 67.
715 2120 784 2169 Unde
802 2122 912 2179 ureretur
929 2122 1015 2170 audite
1034 2135 1040 2169 :
1058 2125 1161 2184 speciosi

102 2189 141 2240 ai.
162 2191 287 2252 loquutus
307 2203 361 2238 sam
377 2191 408 2239 de
425 2202 526 2250 corpore
548 2190 600 2248 tao,
625 2191 682 2251 tacti
699 2194 753 2241 aaut
771 2205 860 2252 pessus
878 2195 913 2240 tui
932 2195 958 2240 tu
978 2194 1153 2253 casamenta,

72 2272 137 2309 auae
156 2261 266 2320 alloquar
284 2260 391 2307 animani
412 2260 481 2307 tuam
501 2258 600 2319 dtguam
623 2260 887 2320 fitiaAmiuadab,boc
898 2262 948 2320 est,
960 2260 1011 2309 ulia
1023 2262 1159 2322 principat

71 2328 221 2390 propheticis
238 2329 397 2376 ornamentis.
416 2327 506 2376 Iisdem
525 2327 601 2387 igitar
625 2330 746 2390 speciosos
766 2329 833 2377 enim
855 2342 984 2390 processus
1006 2330 1115 2379 habuisti
1131 2332 1158 2380 ia

72 2399 128 2448 utar
136 2398 245 2448 exordia
255 2412 263 2445 t
275 2402 389 2461 ριιωιιιιιιι
399 2401 433 2448 ert
450 2399 498 2447 baa
508 2399 601 2459 prospi-
625 2410 740 2458 corpore,
750 2399 874 2458 tamquam
886 2399 1053 2447 calceamento
1063 2410 1092 2446 eo
1104 2412 1160 2460 usa,

72 2471 132 2518 dens
147 2472 205 2518 sicut
215 2470 341 2517 diluculum
345 2501 355 2526 ,
372 2471 474 2530 speciosa
489 2470 515 2515 ut
529 2469 600 2525 tuna,
626 2479 673 2514 non
683 2468 712 2514 ut
722 2468 863 2525 involucr03
876 2469 903 2514 ut
918 2467 989 2527 quasi
1007 2470 1121 2527 superior
1132 2468 1159 2517 ei

71 2538 142 2587 eiecta
151 2542 177 2586 ut
186 2538 336 2587 sotiVideor
346 2538 409 2584 mibi
418 2539 444 2585 te
455 2536 540 2585 videre
553 2536 601 2583 tui·
625 2536 791 2596 emiuentior,
811 2549 859 2596 quo
871 2536 949 2584 velles
967 2537 1039 2583 tuum
1050 2536 1158 2586 circum·

72 2606 368 2667 neatem,rideoraudire
379 2604 601 2654 dicentemrlliIu-
626 2604 703 2652 terres
719 2604 774 2652 sine
791 2605 842 2651 utta
857 2605 991 2652 ostensione
1003 2605 1136 2666 vestigium
1151 2620 1160 2655 ι

72 2679 154 2726 rutam
172 2676 234 2725 mihi
254 2676 305 2736 est,
326 2677 405 2737 pater.
426 2677 483 2723 Noa
503 2677 601 2722 terrena
625 2674 665 2721 vel
686 2675 755 2722 certe
780 2674 845 2722 stcut
868 2674 1066 2721 calceamentum
1095 2676 1158 2725 iilud

70 2750 199 2807 praecutit,
212 2749 259 2796 uer
276 2746 383 2795 celestis
397 2747 599 2807 appropinquavit.
626 2743 855 2803 exsolveres,sicut
864 2743 959 2802 Moyses
967 2740 1027 2790 iecit
1038 2775 1045 2802 ,
1056 2744 1094 2790 eui
1106 2743 1159 2792 dic·

71 2815 191 2875 Prosptcis
205 2826 248 2863 nos
263 2815 347 2874 igitur,
358 2816 443 2862 sancta
463 2813 557 2872 anima,
568 2811 600 2860 de
625 2813 678 2858 tum
697 2812 735 2859 est
753 2824 760 2857 ι
781 2812 847 2861 Soloe
866 2812 1050 2859 calceamentum
1071 2813 1158 2874 μιιιιιι

72 2886 126 2932 ioeo
143 2883 279 2945 superiore,
289 2884 415 2945 tamquam
426 2882 546 2931 intertora
560 2894 601 2930 re·
626 2883 732 2929 tuorum.

72 2951 186 3013 spicieus.
205 2951 282 2999 Existi
301 2950 333 2999 de
344 2951 453 2999 tenebris
464 2950 538 2999 istius
554 2963 600 2998 sae-
655 2950 694 2999 as.
704 2950 771 2999 Dicii
790 2950 865 3011 ipilur
873 2950 920 3000 tibi
930 2964 996 2999 nunc
1008 2950 1079 3011 pater
1089 2950 1158 3000 Amt-

71 3022 135 3081 cuti,
146 3021 207 3070 etat
214 3021 273 3068 tana
280 3020 431 3080 resplendes,
439 3021 469 3068 ut
477 3020 512 3068 soi
523 3018 599 3066 rotat·
624 3019 716 3080 nadair,
724 3020 767 3066 ilie
779 3021 863 3080 populi
875 3020 992 3081 princeps
1000 3034 1006 3065 ι
1014 3021 1086 3078 Audi,
1096 3022 1159 3080 alta,

72 3088 366 3150 pes.1·2tbeneutiana;
384 3089 444 3148 quia
462 3088 487 3135 et
505 3088 562 3134 anta
574 3087 600 3134 in
624 3091 645 3136 ct
656 3091 707 3136 aide
722 3092 833 3149 quorum
854 3091 981 3148 concupivit
998 3102 1042 3136 rea
1060 3093 1158 3149 apericus

72 3158 158 3207 ambra
172 3157 231 3206 iicet
241 3157 313 3206 istIas
323 3156 432 3218 corporis
443 3154 598 3215 refulgebas,
625 3158 698 3203 luam.
711 3157 810 3215 spectari
821 3167 877 3213 orgo
887 3155 946 3214 tacti
956 3158 1009 3202 rant
1021 3169 1111 3215 pressus
1122 3157 1157 3205 tat

72 3230 98 3276 ot
117 3229 238 3277 unarum
255 3227 369 3276 tenebrae
388 3224 562 3273 illuminabas:
575 3224 601 3271 et
624 3224 832 3280 iucaioeameatis,
848 3223 899 3279 fitia
913 3221 1056 3269 Aruinadab.
1069 3224 1159 3273 Μοιιιιιι

71 3309 136 3347 nunc
155 3298 240 3346 lumen
261 3308 276 3343 a
296 3298 347 3344 sote
365 3294 469 3354 iustitiae
488 3293 599 3340 mutuata
624 3294 739 3352 ternorum
760 3294 854 3340 tuorum
865 3292 951 3339 riuum
965 3290 1099 3349 torquibus,
1111 3291 1158 3341 hoc

70 3369 163 3416 starum
172 3367 237 3415 mem
247 3367 325 3415 dueis.
334 3366 423 3412 videre
433 3362 507 3423 Igitur
514 3361 600 3410 videor
625 3363 675 3421 est,
695 3373 828 3409 consonans
849 3359 896 3407 sibi
914 3359 939 3405 tn
952 3358 1068 3406 omnibus
1085 3358 1159 3407 tactls

70 3440 95 3486 te
104 3439 226 3497 tamquam
237 3436 268 3484 de
280 3448 381 3495 corpore
392 3431 564 3489 recedentem,
575 3431 600 3477 et
625 3431 673 3478 tuis
681 3430 758 3490 gratia
766 3432 839 3490 atque
849 3426 1000 3486 moderatio,
1013 3438 1158 3487 mapnorum

70 3507 167 3568 repulsa
178 3505 257 3554 noctis
269 3505 372 3563 caligine
384 3501 526 3560 surgentem
535 3501 600 3548 dila·
624 3499 732 3558 aequavit
753 3498 859 3559 insignia
870 3497 1062 3557 triumphorum.
1081 3495 1159 3543 Deui-

70 3577 198 3624 suiosteut
208 3577 283 3623 sotem
293 3571 528 3634 appropinquantem
536 3569 599 3629 Deo,
623 3582 671 3629 que
688 3567 856 3616 moderatione
873 3568 915 3614 tua
928 3568 953 3614 et
975 3565 1155 3626 tranquilliate

70 3645 96 3694 et
114 3647 199 3706 rapido
219 3645 302 3691 notatu
324 3641 388 3689 sicut
406 3640 527 3701 aquilam,
545 3651 599 3699 quaa
624 3638 725 3696 pacifica
743 3650 789 3684 nec
808 3637 889 3683 Gattia
906 3636 1001 3683 hostem
1017 3635 1112 3694 sensit,
1128 3635 1157 3684 et

69 3718 167 3763 terrena
182 3714 239 3761 sunt
255 3711 445 3771 relinquentem.
624 3708 693 3755 ltalia
713 3708 809 3754 hostem
821 3705 929 3765 reputit,
942 3705 985 3764 qui
999 3705 1052 3762 eius
1065 3704 1157 3751 tinibus

99 3783 137 3831 65.
148 3784 298 3838 waverleia,
311 3782 428 3828 Soiaraitis
436 3812 444 3837 ,
453 3780 584 3826 conuertere
589 3791 598 3837 ,·
625 3776 775 3824 imminebat.
782 3777 889 3834 torques
897 3776 979 3821 autem
986 3772 1094 3832 insignita
1102 3783 1156 3820 esso

68 3858 89 3900 et
100 3854 227 3900 uidebimus
239 3850 424 3897 reconvertere
434 3848 465 3895 ad
479 3859 522 3894 nos
533 3846 600 3906 paci·
625 3847 733 3894 atctorios
741 3843 848 3893 dubitari
860 3855 909 3890 non
918 3842 1011 3902 potest,
1020 3854 1076 3889 eum
1087 3840 1104 3886 ii
1112 3839 1156 3899 qut

68 3923 128 3980 tica;
146 3924 176 3969 ut
195 3920 297 3980 gloriam
315 3920 384 3965 tuam
405 3916 528 3965 sororibus
549 3914 600 3964 tuis
625 3915 651 3961 iu
671 3915 736 3964 betto
758 3913 857 3962 ioriiter
885 3910 1007 3970 iecerint,
1029 3908 1159 3969 torquibus

69 3992 204 4048 monstres,
215 3990 241 4037 et
251 3987 370 4046 incipiant
380 3998 406 4033 se
417 3986 466 4033 tum
474 3985 565 4046 qnieIIs
574 3985 600 4032 ot
625 3984 786 4032 honorentur.

68 4060 155 4116 gratiae
166 4056 299 4104 securitate
314 4055 397 4102 solari.
412 4055 493 4100 Soanoi
505 4054 598 4101 tantam
654 4052 693 4101 69.
713 4052 834 4102 Unrbilicus
856 4054 909 4100 tuas
924 4051 1002 4097 crater
1026 4045 1158 4103 tornatilis,

71 4129 104 4177 ait
116 4138 159 4176 uos
170 4125 329 4184 conuertere,
340 4126 367 4172 ut
385 4124 409 4172 te
421 4122 563 4182 rideamus,
575 4125 600 4171 et
628 4134 674 4170 uon
683 4122 788 4181 martius
800 4122 884 4166 aristo.
903 4118 989 4166 Vester
999 4117 1052 4163 ιιιιιι
1063 4124 1158 4163 acerras
